2250 4132
162 299 165 303 .
218 192 515 284 Snnrcurin
554 212 758 287 Lantn„
821 218 883 303 2⁸9

53 351 84 414 dt
102 347 213 434 Belgii,
239 349 292 431 qui
316 349 424 412 saeculo
444 366 519 411 xrv.
544 348 580 410 ab
595 347 730 413 Ecclefia
746 347 885 411 Romane

55 435 245 498 seceffionem
258 436 406 496 lecerunt.

99 517 164 600 Qti
182 515 327 580 Historias
350 518 413 602 ejus
440 516 542 579 saeculi
563 508 717 579 adtentius
742 517 884 600 legerunt

56 614 151 685 probe
173 602 270 663 sciunt
287 602 353 662 ideo
369 617 486 663 rantum
502 602 705 665 introductam
728 601 782 663 elle
806 607 884 665 hanc

57 684 250 769 posteriorem
277 680 433 770 tegiminis
456 685 598 759 formam,
636 689 717 766 quod
746 685 882 768 Episcopi

57 771 179 834 nollent
203 775 370 832 concedere
390 771 438 839 iis,
469 772 522 851 qui
545 770 712 832 dodlrinem
735 770 764 832 dt
790 791 886 833 moret

57 853 300 917 Christianorum
325 853 535 916 emendatione
561 852 722 916 neceffaria
751 856 886 936 indigere

57 939 298 1012 contendebant,
319 939 556 1000 emendandaea
571 937 637 1003 elle,
659 960 728 1021 quae
743 953 885 1018 corrupta

55 1015 331 1104 conquerebantur.
373 1022 500 1103 Alioqui
516 1022 536 1084 st
552 1020 691 1102 Episcopi
714 1038 786 1083 tunc
809 1037 887 1085 tem·

59 1108 141 1188 poris
167 1105 244 1166 idem
268 1105 364 1167 facere
389 1098 501 1190 ubique
530 1107 634 1188 sponte
651 1107 701 1167 sua
717 1105 887 1180 vduislenr,

59 1190 142 1272 quod
160 1189 190 1250 ln
205 1189 315 1269 Anglia
328 1190 406 1252 haud
424 1189 521 1251 multo
533 1189 595 1271 post
611 1191 723 1250 laddum
736 1189 790 1264 est,
807 1191 886 1275 regie

59 1293 132 1336 rnen
144 1272 218 1334 illud
229 1275 396 1335 etiamnum
411 1274 511 1347 hodie,
528 1274 604 1355 apud
617 1270 784 1357 omnesqui
799 1273 887 1337 seces·
946 1327 949 1331 <

60 1358 164 1423 serunt
178 1356 216 1418 ab
231 1354 363 1419 Ecclesia
388 1356 541 1432 Romana,
563 1359 726 1434 obtineret,
749 1359 887 1421 &innu-

59 1460 153 1504 metae
173 1442 371 1518 calamitates,
393 1462 477 1523 quae,
499 1441 641 1503 omnibus
657 1443 836 1520 perturbatis
852 1463 888 1506 ac

50 1524 224 1601 conuulsis,
232 1528 439 1608 contigerunt,
449 1527 593 1588 anteverti
606 1522 775 1605 potuillent.
790 1523 890 1589 Nulla

48 1613 144 1671 'enim
158 1610 217 1670 fuit
232 1611 320 1684 ratio,
343 1607 364 1671 li
379 1631 445 1671 vere
457 1631 519 1673 rem
535 1609 728 1684 aestimemus,
750 1611 890 1674 mutandi

60 1693 233 1777 regiminis,
249 1694 356 1773 p'raeter
368 1697 466 1769 hanc;
489 1696 569 1776 quod
586 1692 680 1754 stante
695 1710 793 1755 vetere
809 1695 890 1774 regi·

61 1774 158 1852 niine',
171 1780 250 1857 aequi
267 1777 342 1837 nihil
359 1778 508 1856 impetrari
525 1776 627 1858 pollet.
649 1774 756 1859 ltaque
767 1775 890 1861 Prelby-

37 1877 166 1945 sterana
190 1862 299 1939 fornia,
322 1860 467 1942 plerisque
493 1864 525 1923 in
551 1864 639 1930 loeis,
662 1861 704 1923 est
733 1862 889 1937 inditum

61 1947 144 2028 quod
158 1946 208 2004 ubi
221 1944 309 2006 semel
324 1946 436 2005 tactum
447 1945 501 2019 etl,
517 1948 667 2018 omnium,
684 1947 738 2027 qui
753 1943 889 2028 Reipub-

61 2029 132 2092 llcae
142 2028 237 2091 Civili
252 2030 287 2090 iis
305 2030 336 2089 in
354 2029 429 2088 locis
446 2029 589 2107 praesunt,
613 2033 652 2090 ira
670 2031 817 2096 interfuit,
842 2032 890 2090 in-

61 2112 211 2194 terestque
221 2114 389 2173 etiamnum
404 2113 490 2173 hodie
504 2112 576 2173 nihil
590 2114 711 2186 mutari,
726 2128 758 2171 ut
771 2128 891 2176 mancat

61 2194 178 2260 necelle
206 2195 258 2265 sit;
299 2197 368 2277 quis
398 2195 499 2257 mallet
536 2213 690 2274 propterea
728 2196 891 2277 periculose

61 2281 176 2343 turbari
193 2301 298 2342 omnes
314 2281 457 2353 ditiones,
482 2282 511 2340 in
526 2280 635 2360 quibus
648 2281 785 2353 obtinet3
809 2282 891 2361 quod

63 2368 226 2447 prudentes
240 2384 407 2447 numquam
421 2364 603 2438 concedent,
620 2386 717 2445 neque
728 2364 769 2425 est
782 2382 892 2446 optan-
955 2436 961 2446 Ι

62 2448 149 2511 dum.
194 2446 307 2509 Forma
321 2448 475 2530 regiminis
490 2447 653 2510 constituta
668 2451 741 2510 olim
758 2450 830 2524 furt,
853 2449 889 2510 ad
949 2490 956 2520 -,

64 2533 324 2595 conservationem
341 2532 484 2594 dodlrinae
495 2529 686 2608 Christianae,
702 2555 762 2593 non
779 2537 814 2592 ad
829 2555 893 2611 pcr-

63 2618 270 2680 turbationem
298 2613 486 2696 Reipublicae
499 2641 508 2690 3
539 2637 622 2697 quae,
644 2616 704 2677 sine
720 2617 891 2683 discrimine
952 2618 960 2647 ⁵
1030 2628 1036 2643 “

64 2698 155 2783 ipsius
173 2698 353 2783 Religionir,
373 2702 614 2782 contingeretur
632 2698 735 2779 potest.

76 2837 84 2845 .
109 2783 217 2866 Itaque
234 2787 392 2861 prudentes
418 2785 487 2857 vrri,
510 2786 647 2864 quamvis
672 2783 892 2865 Apostolicam,

64 2865 256 2948 fimilemque
281 2868 394 2948 ubique
419 2868 657 2930 administrandae
671 2867 815 2930 Eccleliae
831 2871 893 2929 for·

67 2972 150 3012 marn
166 2968 385 3029 ptaeoptaret.t;
419 2973 463 3012 res
479 2952 509 3011 ln
524 2973 560 3012 en
578 2951 666 3025 statu,
690 2953 719 3012 in
735 2975 797 3035 quo
814 2953 894 3029 sunt,

67 3035 280 3113 relinquendas
297 3035 395 3111 potius
411 3053 578 3116 putatum
599 3056 690 3117 quam
708 3038 894 3112 adeundum,

66 3119 148 3202 quod
165 3139 312 3182 novarum
328 3139 425 3180 rerum
441 3120 628 3181 molitionem
643 3120 754 3195 semper
766 3124 893 3182 comita·

67 3208 128 3271 tur.
145 3204 326 3283 periculum.
362 3204 480 3264 Interea
494 3225 680 3286 quicumque
697 3205 855 3287 sapuerunt
869 3206 895 3269 le

67 3287 201 3365 inuicem
212 3304 368 3372 propterea
378 3288 504 3432 minirpq
516 3291 656 3368 oderunt,
669 3292 813 3355 conviciis
830 3312 896 3371 pro·

804 3374 895 3435 l'cide.
