2250 4132
148 195 170 241 2
284 175 843 246 H.Grroa1urnaVarr1‘r.

145 302 319 381 materiam,
341 303 547 386 philosophica
558 305 734 384 subtilitate,
757 306 976 373 ¹Rreurundut

109 442 112 447 ,
151 385 324 463 Sebundur,
335 388 525 470 dialogorum
536 388 976 468 varietateLudouicusViver,

148 470 283 533 maxima
305 486 405 532 autern
433 493 505 536 cum
532 475 714 549 eruditione,
743 488 808 537 tunr
835 477 977 539 facundia

108 553 113 563 '
148 552 257 615 vestras
278 552 434 635 Philippus
462 555 633 621 Mornaens.
677 558 782 641 Qram
798 560 838 621 ob
853 561 975 624 causant

147 638 242 699 uideri
257 639 349 719 potest
365 641 512 724 magieex
523 642 575 704 usu
591 639 687 719 suisle,
708 642 837 726 alicujus
851 643 976 708 illorum

148 724 181 784 in
198 723 361 788 sermonem
376 725 550 806 popularem
573 723 679 805 versro,
701 747 793 808 quam
819 729 977 790 inchoatio

147 808 221 871 nori
247 809 357 888 operis.
397 807 453 869 Sed
470 809 543 891 quid
567 811 616 872 alii
633 812 688 872 bac
705 811 743 871 de
770 811 977 895 rejudicaturi

146 885 219 968 sint,
242 892 357 955 nescio:
385 892 572 975 tequidem,
595 909 656 955 taor
682 895 816 978 benigno
826 916 869 961 ac
892 896 976 959 sacili

142 977 262 1060 judice,
280 975 371 1039 sacile
380 975 464 1056 spero
475 975 746 1059 mepolleabsolvi,
759 977 904 1057 sidietur,
925 999 980 1042 rue

147 1056 234 1122 leolis
259 1081 320 1123 non
346 1058 407 1122 illis
428 1074 561 1135 tantum,
590 1062 637 1125 sed
657 1061 688 1125 bt
713 1059 892 1143 Judaeorum
919 1083 974 1144 pro

147 1141 278 1223 Juda'r'ca
294 1157 404 1218 vetere,
425 1142 710 1209 &Christianorum
736 1167 790 1228 pro
804 1145 976 1210 Christiana

148 1227 312 1310 Religione
326 1228 456 1309 scriptis,
479 1231 525 1291 uri
540 1227 662 1293 voluisse
676 1250 745 1293 meo
759 1226 976 1313 qualicumque

144 1312 274 1394 judicio,
291 1312 509 1376 &animodare
521 1329 671 1397 negatam,
683 1334 752 1376 cum
762 1315 788 1374 id
804 1315 975 1385 scriberem,

139 1399 268 1475 >corpori
281 1397 461 1459 libertatem.
505 1397 721 1460 Existimabam
734 1399 814 1460 eninr
828 1419 883 1479 pro
897 1399 976 1459 veri·

148 1495 212 1544 tate
223 1481 414 1556 certandum,
434 1479 598 1563 &quidem
611 1481 676 1557 tali,
699 1502 790 1565 quam
804 1483 862 1561 ipse
872 1483 976 1545 animo

123 1580 129 1584 ·
149 1568 366 1646 approbarem:
390 1563 496 1627 frustra
524 1568 605 1628 eninr
622 1567 762 1628 daturum
777 1586 826 1626 me
839 1585 976 1645 operam,

78 1678 83 1688 ·
149 1662 186 1708 ut
201 1648 402 1728 persuaderem
419 1649 497 1722 aliie,
519 1671 588 1732 quae
604 1670 665 1711 non
682 1666 751 1710 ante
766 1649 839 1711 mibi
855 1648 976 1730 persua-

149 1730 255 1796 srllem.
299 1730 406 1815 Itaque
422 1732 522 1817 selegi,
544 1752 579 1796 ex
589 1734 735 1795 veteribus
749 1753 784 1794 ac
796 1735 892 1803 novis,
907 1754 976 1814 quae

150 1817 228 1879 mibi
252 1818 281 1879 se
305 1817 473 1896 probabant
487 1819 631 1891 maxime,
652 1819 762 1880 omiffis
778 1819 978 1900 argumentis,

151 1920 223 1982 quae
238 1921 343 1982 parurn
360 1899 434 1962 mihi
451 1901 589 1981 ponderis
614 1902 721 1962 babere
737 1901 925 1967 uidebantur,
947 1903 978 1964 δι

123 2002 129 2011 ·
152 1985 330 2050 auctoritate
344 2005 449 2048 eorum
465 1986 624 2060 librorum,
646 2005 724 2066 quos
736 1983 905 2051 subdititios
921 1983 978 2046 ess'e

152 2083 205 2131 aut
218 2084 301 2130 certo
315 2066 455 2144 sciebam,
470 2085 523 2132 aut
535 2072 643 2132 merito
654 2069 830 2148 suspicabar.
851 2066 977 2149 Quibus

148 2168 252 2217 autem
268 2154 327 2234 ipse
342 2152 527 2225 assentiebar,
549 2174 582 2214 ea
593 2153 624 2215 δι
635 2154 738 2214 ordine
752 2168 836 2214 certo
849 2152 979 2232 disposui

152 2237 182 2299 δι
196 2240 336 2318 exposui,
358 2257 450 2319 quam
474 2240 558 2317 potui
580 2238 706 2297 maxime
727 2236 921 2316 populariter,
947 2236 978 2298 ἃ

151 2321 282 2383 versrbur
296 2319 414 2390 inclusi,
436 2341 499 2401 quo
515 2320 623 2383 reclina
636 2322 788 2382 memoriae
800 2322 980 2381 mandaren-

151 2422 211 2468 tur.
236 2401 422 2485 Propositum
437 2407 519 2466 enim
537 2409 608 2467 mibi
622 2423 683 2465 erat
697 2404 839 2466 omnibus
854 2404 979 2484 quidem

150 2489 266 2552 civibus
281 2490 367 2562 meis,
391 2488 834 2570 sedpraecipuenavigantibus‚
855 2505 980 2566 operam

150 2593 261 2635 navate
274 2573 389 2648 utilem,
404 2575 479 2635 utin
490 2571 646 2656 longoillo
658 2576 776 2632 marino
787 2570 851 2631 otio
862 2573 979 2648 impera·

150 2661 256 2726 derent
268 2657 369 2738 potius
381 2673 512 2736 tempus,
527 2678 632 2741 quam,
655 2659 734 2737 quod
749 2655 877 2717 nimium
890 2652 981 2715 multi

186 2837 197 2869 1
215 2823 343 2874 remundus
360 2823 473 2879 Sabandos,
491 2820 549 2883 uec]
582 2819 677 2881 imitati,
693 2828 715 2872 sc
736 2823 848 2870 interdum
859 2820 929 2870 etiam
939 2836 982 2870 ex-

59 2942 61 2946 ,
151 2886 330 2944 AEtaoormi,
347 2886 373 2934 bl
391 2889 550 2950 erantporisli·
582 2888 688 2945 pilarunt.
732 2889 806 2951 Qare
827 2886 899 2947 prima
932 2895 981 2933 tem

152 2952 186 2998 mi
204 2967 230 2998 ea
250 2955 278 2998 de
300 2967 322 2998 re
333 2951 474 3012 Scriptorer5
490 2951 551 2999 seda
583 2950 626 3010 pia
638 2955 660 2996 tc
672 2966 718 2998 ram
735 2949 860 2996 necessariae
880 2947 982 3009 scriptio·

151 3016 222 3061 Grorir'
241 3031 290 3061 aero
310 3015 425 3065 innumeri
452 3013 550 3073 Scripro·
582 3016 619 3059 nir
637 3014 706 3073 gloria
727 3016 752 3060 ad
780 3028 833 3060 eum
863 3014 981 3062 redundat.

151 3092 194 3135 rer,
214 3079 310 3137 Angliee
328 3078 448 3138 prasertim
461 3078 549 3138 &Gab
582 3073 691 3124 Cereruni
709 3076 732 3131 ii,
756 3090 810 3138 quor
830 3074 923 3122 nornine
941 3077 983 3130 rd-

151 3142 205 3196 lice,
233 3145 260 3188 de
288 3142 391 3188 veritate
422 3140 550 3202 Religionis
582 3141 659 3200 pellat,
689 3145 808 3186 ,nondum
847 3139 984 3199 praeclarum

111 3257 115 3265 Ι
149 3203 288 3250 Christiane:
318 3205 466 3266 scripserunt3
493 3218 550 3265 quot
581 3204 625 3250 hoc
644 3215 802 3264 argumentum
823 3211 984 3259 corruerant,

150 3279 229 3314 tamen
254 3269 354 3328 exemplo
382 3268 420 3313 suo
441 3267 551 3314 extiterit
580 3269 684 3326 quamvis
702 3265 832 3329 ploau'ualu
848 3262 984 3324 scripserint.

148 3332 245 3390 Gratius,
261 3347 329 3392 quem
349 3333 483 3382 retentione
499 3331 550 3382 suot
581 3330 677 3382 curcur.
892 3338 916 3349 '⁸
