2250 4132
149 280 210 361 148
309 264 353 341 Ηζ
375 274 578 353 Gnorrus
601 292 659 341 nn
682 277 838 342 Vanam

143 405 311 484 Europam,
330 399 446 479 Asiam,
468 403 498 466 δι
517 401 706 488 AEgyptum,
727 404 841 487 quibus
858 404 889 466 in
902 402 969 467 locil
1010 453 1013 488 ;

143 488 274 554 Graecus
299 489 395 550 sermo
423 488 563 571 vigebat:
586 488 650 550 imo
664 488 694 551 δι
710 491 875 573 archetypa
898 510 967 552 non·

44 588 49 603 “
143 575 241 647 nulla,
264 589 297 635 ut
318 575 382 658 jam
412 589 482 633 ante
505 573 711 655 diximus,¹ad
735 590 858 652 annum·
886 574 968 658 usque

144 658 383 733 ducentesimum
409 653 519 719 servata
541 658 623 719 lunt.
667 656 743 718 Non
760 659 862 739 potuit
876 674 970 722 autem

83 756 87 763 ‘
143 744 219 807 liber
240 744 350 826 aliquis
376 745 407 805 in
435 758 480 803 tot
494 741 632 819 exempla
647 739 787 819 diffusus,
810 741 970 812 custoditus

144 851 208 892 non
226 829 339 910 privata
354 843 473 890 tantum
487 826 685 911 singulorum,
710 828 755 888 sed
774 828 972 891 &communi
1011 904 1013 911 Ι

144 913 346 976 Ecclesrarum
370 912 536 996 diligentia,
560 914 570 941 ¹
597 911 743 975 falsariam
759 933 887 975 manum
905 915 975 976 reci-

143 1020 224 1081 pere.
271 998 357 1060 Adde
379 999 457 1082 jam,
480 997 560 1078 quod
578 994 845 1081 proximis-statim
862 998 975 1060 saeeulis

144 1082 217 1145 verlr
234 1082 300 1144 sunt
313 1084 342 1143 hi
356 1081 423 1142 libri
437 1082 467 1141 in
481 1080 647 1142 sermonem
662 1078 834 1163 Syriacum,
850 1081 976 1146 AEthio-

142 1169 260 1249 picum,
274 1167 451 1239 Arabicum,
463 1163 621 1238 Latinum,
632 1187 702 1247 quat
711 1164 860 1228 versrones
869 1170 976 1231 etiam·
1007 1192 1013 1223 ·!

143 1273 219 1314 num
234 1249 362 1322 exstant,
385 1250 414 1312 δι
430 1249 447 1310 ὲ
462 1247 581 1313 Gtaecis
597 1250 679 1312 libris
696 1250 726 1310 in
743 1250 828 1312 nulla
843 1251 972 1338 alicujus
1010 1236 1013 1325 4

144 1337 291 1399 momenti
318 1356 349 1398 re
376 1336 553 1416 discrepant.
598 1331 670 1416 Jam
686 1354 757 1396 vero
782 1337 976 1402 habemus&
1011 1352 1013 1413 ξ

143 1420 391 1504 scriptuarum,
414 1421 466 1503 qui
480 1420 517 1481 ab
532 1418 685 1500 Apostolis
699 1417 780 1501 ipsu,
802 1435 856 1483 aut
872 1421 912 1482 ab
926 1443 975 1485 eo-

143 1528 212 1570 rum
236 1507 386 1588 discipulis
415 1503 542 1566 instituti
569 1505 692 1566 fuerunt
707 1532 715 1573 ;
738 1505 792 1585 qui
818 1503 889 1568 loca
915 1528 976 1570 non

144 1612 241 1673 pauca
253 1612 290 1653 ex
317 1593 361 1652 iris
376 1590 460 1652 libris
485 1590 624 1651 adserunt
639 1609 687 1664 eo,
709 1596 802 1671 qu'em
817 1610 875 1652 nos
891 1602 976 1655 nunc
1011 1602 1013 1607 '

144 1697 268 1758 quoque
282 1675 424 1758 legimus,
447 1673 542 1734 sensu.
587 1671 700 1756 Neque
726 1676 976 1757 veroquisquam

144 1763 204 1822 ruit
220 1766 250 1822 in
264 1757 406 1833 Ecclesra‚
430 1774 522 1819 tantae
537 1757 738 1832 audioritutis,
762 1779 813 1840 per
830 1760 975 1823 illa'tem·

142 1865 229 1925 pora,
251 1843 301 1904 cui
328 1857 444 1904 mutare
459 1843 626 1923 quidquam
642 1843 756 1904 volenti
782 1845 914 1923 paritum
929 1846 976 1908 fu·

143 1927 222 2006 ilset3
247 1927 329 2011 quod
341 1929 406 1988 latis
418 1925 579 1988 ostendunt
593 1925 715 2001 Irenaei‚
727 1926 932 2005 Tertulliani,
944 1931 974 1993 δι

145 2011 293 2098 Cypriani
309 2013 410 2076 liberae
426 2010 611 2083 dill'ensrones
626 2012 662 2072 ab
682 2014 729 2087 iis,
752 2015 803 2091 qui
822 2015 852 2074 in
865 2012 976 2077 Eccle-

144 2098 185 2164 [ιι
200 2101 330 2189 maxime
340 2098 525 2160 eminebant.
549 2095 616 2158 Post
633 2100 709 2170 haec,
721 2119 790 2180 quae
802 2099 879 2174 dixi,
896 2114 975 2162 tem·
1000 2122 1009 2133 ·

146 2205 228 2262 pora,
250 2184 343 2246 secuti
361 2183 429 2245 sunt
451 2182 501 2242 alii
529 2182 618 2243 multi
644 2203 763 2264 magnae
783 2185 975 2260 eruditionis,

145 2270 311 2352 magnique
321 2267 444 2352 judicii,
459 2270 525 2347 qui,
543 2265 605 2345 poll
617 2266 792 2349 diligentem
802 2268 976 2349 inquil'nio-
1010 2316 1013 2325 .

144 2372 226 2424 nean,
260 2353 315 2412 hos
338 2351 443 2426 libros,
468 2350 553 2412 utin
579 2353 740 2434 originaria
771 2351 820 2413 sua
846 2356 976 2433 puritate

145 2434 320 2515 perstantes,
344 2449 529 2513 receperunt.
573 2433 643 2516 Jam
668 2434 697 2496 δι
726 2436 814 2509 illud,
838 2440 922 2517 quod
937 2440 974 2500 de

145 2519 263 2587 diversis
293 2518 536 2582 Christianorum
563 2520 648 2588 [ediis
675 2523 766 2581 modo
789 2523 974 2601 dicebamus,

146 2610 207 2668 huc
238 2625 360 2689 quoque
387 2605 480 2684 aptari
508 2604 613 2684 potell,
636 2604 701 2665 illas
727 2627 849 2681 omnes,
872 2606 973 2670 saltem
1011 2630 1013 2634 ·

144 2713 213 2773 quae
227 2689 330 2752 Deum
354 2690 460 2751 mundi
481 2687 635 2767 opificem,
658 2688 857 2751 &Christum
883 2688 976 2776 Legis

147 2773 401 2842 novaeaudlorem
429 2773 609 2858 agnoscunt,
634 2774 677 2834 uti
702 2773 748 2834 his
775 2775 859 2836 libris
885 2779 925 2857 ita
943 2793 975 2839 ut

146 2883 198 2925 eus
214 2875 269 2924 not
285 2859 440 2922 habemus.
486 2856 615 2939 Qtod'sr
632 2860 684 2941 qui
701 2856 891 2922 instituillent
907 2882 975 2943 par·
994 2925 1007 2937 „

181 3029 330 3096 rFalsariarrr
354 3024 459 3088 manum]
486 3028 543 3089 Qae
575 3041 683 3087 rumpere,
716 3028 772 3088 quod
802 3041 847 3072 non
874 3030 976 3077 Marcion

145 3094 231 3151 omnia,
258 3094 375 3150 nimirum,
410 3090 544 3151 extmplaria
575 3093 641 3135 modo
652 3089 714 3145 fecit,
732 3092 767 3138 sed
787 3091 907 3140 &librarii
919 3110 976 3141 non·

145 3160 279 3219 pervaderet,
302 3162 325 3204 dr
343 3155 448 3203 vetliones
465 3170 543 3201 omnes
575 3154 632 3203 nulli
654 3154 735 3201 rectius
756 3155 888 3202 sentientes:
919 3160 976 3219 quod

144 3231 307 3283 corrumpente
324 3236 376 3267 nam
398 3219 480 3283 alipqui
503 3234 543 3280 po-
574 3219 709 3269 ostendimue
729 3218 753 3264 in
771 3222 826 3269 Arte
842 3221 916 3267 nostra
927 3223 976 3269 cri·

144 3295 244 3344 tucrum,
275 3284 323 3343 hie,
351 3283 406 3341 illic,
438 3282 542 3330 homines
573 3284 616 3328 tica
627 3283 687 3332 Part.
707 3300 729 3348 3.
750 3282 809 3336 Sedl.
835 3300 856 3333 r.
875 3300 900 3336 c.
921 3301 976 3334 xrr.

144 3350 216 3411 pravi,
232 3358 271 3396 aut
282 3348 419 3407 dogmatibus
438 3346 481 3393 suis
492 3362 541 3408 per-
573 3346 668 3397 Clericus.

142 3413 201 3464 verse
211 3411 293 3463 addicti
302 3409 434 3475 exemplaria
444 3410 481 3459 sua
492 3425 542 3459 cor-

913 3537 974 3588 lem
