2250 4132
168 241 500 310 Reucrrnrsr.
538 245 633 315 Lu.
656 249 699 315 11.
807 255 847 340 87

21 376 120 440 modo
134 391 169 439 ut
183 397 299 451 verum,
315 379 360 439 sed
372 392 408 442 ut
421 380 607 461 praecipuum
620 381 682 444 suae
695 379 764 447 fidei
776 385 850 450 fun·

20 463 217 536 dementum,
232 463 519 528 adseruntomnium
533 464 670 529 iocorum
684 467 714 530 dr
730 484 850 551 tempo-

24 568 93 609 rum
110 544 299 609 Christiani:
322 551 403 629 qpod
425 547 490 610 fieri
514 571 575 611 non
591 551 702 629 potuit,
724 552 779 616 nist
793 557 849 636 qui

23 632 116 712 primi
134 628 337 693 Christianam
353 631 444 694 fidem
459 633 643 710 docuerunt,
663 652 747 699 certo
760 640 847 701 audi·

23 716 145 779 toribus
159 715 219 776 suin
236 715 440 794 persuaserint,
453 737 515 778 rem
532 719 572 778 ita
588 716 711 799 gestam.
751 720 849 787 Certo

24 814 128 861 autem
150 797 323 878 persuadere
345 802 403 863 hoc
417 821 479 863 non
496 817 660 882 potuerunt
674 805 848 869 homiuibus

23 883 132 983 aliquo
150 883 267 967 judicio
287 885 431 964 praeditis,
453 883 506 947 nisi
522 886 717 964 affirmarent,
740 888 865 953 semet··
901 905 911 917 “

23 969 101 1048 ipsos
117 968 255 1031 oculatos
276 970 318 1029 rei
343 967 428 1031 tested
442 967 519 1032 etse:
553 969 614 1032 iine
638 992 701 1052 qua
717 973 848 1036 affirma·

26 1052 847 1134 tionegnemomediocritersanusiliisbabuiffetfidem,

26 1136 187 1216 prasertim
198 1137 238 1218 iis
250 1137 449 1217 tempori-bus,
464 1159 535 1199 cum
551 1137 609 1201 illu
620 1141 846 1205 crederemarri·

25 1222 82 1282 mis
98 1222 184 1282 maiis
195 1232 233 1282 ‘ae
249 1223 386 1299 periculis
402 1222 559 1285 constaret.
582 1225 776 1288 Affirmaturn
788 1229 847 1291 hoc

25 1307 62 1365 ab
77 1303 147 1384 ipsrs
173 1325 282 1387 magna
303 1304 483 1380 constantia,
504 1308 595 1368 etiarn
618 1309 687 1370 libri
702 1310 845 1390 ipsorum,

26 1386 81 1450 ⁶&
97 1388 225 1449 aliorum
238 1391 369 1452 docent:
394 1392 457 1452 imo
469 1412 508 1452 ex
523 1392 606 1451 libris
620 1409 752 1473 apparet,
778 1415 847 1474 pro-

24 1471 139 1534 vocaffe
160 1492 211 1535 eos
230 1476 242 1510 ⁷
266 1473 302 1534 ad
324 1472 411 1534 testes
434 1476 630 1558 quingentos,
663 1477 718 1557 qui
741 1474 847 1553 Jesum

26 1555 89 1637 post
115 1571 243 1618 mortem
267 1557 432 1619 redivivum
448 1560 670 1638 conspexerint.
715 1557 847 1622 Nonest

26 1658 125 1703 aurem
150 1662 217 1702 mos
239 1643 464 1718 mentientium,
488 1643 523 1704 nd
549 1658 610 1704 tam
633 1643 744 1705 multos
760 1643 847 1706 testeo

27 1746 196 1805 provocare.
233 1725 343 1806 Neque
358 1725 422 1787 iieri
439 1725 543 1805 potest,
555 1747 586 1787 ut
601 1729 630 1787 in
647 1728 750 1789 falsum
765 1726 846 1790 testi-

28 1811 162 1870 monium
178 1827 239 1871 ram
257 1811 345 1870 multi
359 1811 539 1890 conspirent.
585 1809 625 1873 Et
640 1828 672 1872 ut
688 1812 737 1873 alii
759 1805 853 1876 testeo¹

28 1914 84 1955 non
97 1894 230 1968 fuiffent,
255 1915 346 1974 quam
362 1896 520 1957 duodecim
536 1894 580 1957 illi
595 1897 734 1958 notiffimi
751 1897 845 1959 Chri·

27 1977 126 2040 stienae
139 1979 283 2042 dotirinae
294 1981 381 2058 primi
397 1981 632 2061 propagatoress‚
648 1981 773 2052 'ufficere
786 1983 848 2044 hoc·

29 2061 162 2126 debebat.
209 2061 311 2122 Nemo
325 2064 416 2146 gratis
430 2063 525 2124 malus
537 2062 590 2124 est.
636 2061 791 2136 Honorem
807 2080 846 2126 ex

28 2147 181 2209 mendacio
192 2147 304 2225 sperare
314 2168 375 2208 non
390 2161 539 2228 poterant,
552 2167 623 2207 cum
633 2148 729 2207 honos
745 2154 854 2208 omnis¹

28 2229 89 2293 eistt
115 2252 205 2311 penes
221 2229 373 2314 Paganos‚
399 2247 451 2292 aut
466 2229 599 2310 Judaeos,
625 2229 642 2291 ὲ
666 2231 776 2312 quibus
792 2229 845 2310 ipsi
897 2240 905 2246 ”

29 2316 136 2394 probris
152 2316 182 2378 δι
198 2316 367 2397 ignominia
381 2317 606 2378 afficiebantur:
632 2335 693 2376 non
711 2316 844 2393 divitias,

29 2419 90 2462 cum
103 2416 211 2463 contra
223 2403 290 2479 naeq
301 2402 437 2480 profeffio
453 2401 562 2480 saepe&
576 2402 737 2475 bonorum,
751 2398 846 2481 siqua

28 2481 124 2562 effent,
146 2485 259 2546 damno
274 2485 491 2547 muidtarerur:
527 2501 617 2565 atque
640 2500 675 2544 ut
700 2487 759 2544 hoc
781 2506 844 2545 non

27 2568 254 2646 tridentanam
280 2567 484 2652 Euangeiium
506 2570 607 2630 doceri
633 2569 670 2628 ab
697 2565 764 2646 ipsrn
780 2588 843 2628 non

26 2653 126 2732 poffet,
149 2652 204 2716 nisr
220 2656 304 2714 omni
322 2655 472 2715 bonorum
489 2653 699 2734 temporalium
722 2671 794 2710 cura
810 2673 843 2713 o·

26 2737 115 2799 miffa.
139 2736 251 2820 Neque
267 2757 336 2799 vcro
349 2739 407 2798 alia
423 2737 486 2799 ulla
500 2739 570 2800 vitae
582 2738 670 2820 hujus
684 2736 845 2798 commoda

24 2823 55 2885 ad
69 2823 283 2885 mentiendum
298 2842 417 2884 morere
432 2841 482 2884 eos
497 2834 674 2904 potnerunt,
698 2842 770 2884 eum
783 2820 845 2900 ipsa
912 2828 922 2841 ⁸

51 2989 231 3056 Mulierum]
249 2993 325 3039 Etiam
347 2993 415 3051 cnfi,
448 3005 491 3053 que
507 2992 576 3040 iibere
595 2997 617 3037 dr
634 2988 703 3036 emici
719 2987 845 3050 superstite·

19 3059 54 3121 qni
65 3057 171 3107 adversor
178 3058 316 3104 Christianos
324 3055 415 3116 scripsit.
448 3056 519 3104 nudiri
537 3067 646 3116 poterant,
665 3069 689 3100 ac
711 3053 846 3114 testarique

19 3124 80 3171 vide
92 3122 215 3181 originem
225 3121 267 3170 tib.
281 3137 318 3170 Π.
448 3122 572 3167 audieruut·
590 3117 665 3177 Major
675 3127 751 3164 autem
760 3116 844 3164 horum

45 3179 337 3253 7Adrestcrqrringentor.]
356 3184 416 3230 Peu-
449 3199 497 3245 pm
517 3182 587 3230 eriam
614 3181 708 3238 virebat,
736 3174 845 3228 scribente

16 3254 49 3301 lui
74 3255 127 3302 uad
138 3250 248 3298 Corinth.
261 3267 299 3297 xv.
312 3249 335 3296 6.
348 3247 414 3310 quos·
445 3246 487 3295 ine
505 3247 585 3294 Paulo.
617 3247 676 3292 Haee
694 3244 803 3306 apparitio
820 3243 847 3292 in

13 3321 63 3365 darn
81 3328 166 3366 eorum
185 3329 213 3361 eo
235 3324 336 3374 tempore
354 3327 416 3359 mor·
447 3323 526 3364 monte
537 3310 644 3363 Griiloeae
654 3309 760 3371 contigit.

14 3390 62 3434 tuor
73 3379 122 3434 effe
131 3376 206 3430 dicitr
221 3375 258 3429 sed
267 3379 416 3439 bonoque·
741 3432 768 3499 E
784 3382 787 3387 ·

771 3453 847 3502 uan-

920 3707 1064 3888 'fl
