2250 4132
143 222 206 308 306
260 218 292 301 J.
316 218 471 284 Creator
497 237 647 282 conrrtrt
669 217 862 284 Innrrrart.

140 355 979 444 quoooffianhrillianorumcontroversiasintelligere
1018 336 1020 343 A

140 441 173 504 da
186 442 222 504 de
238 444 431 527 iisjudtciunr
451 445 538 517 ferre,
562 443 635 516 vita,
658 442 752 504 veluti
773 445 805 504 ln
826 447 979 522 tenebris‚.

37 567 41 574 -
139 529 284 610 exigitur.
310 526 465 610 Ejusmodi
481 528 631 598 homines,
652 549 706 606 pro
717 545 811 608 captu
825 528 891 604 suo,
904 551 974 611 quae

139 611 288 672 docentur
300 614 336 671 dc
352 612 511 693 Religioni:
524 609 695 673 Christiana
710 614 861 692 amplexi,
876 633 975 696 eaque

17 747 22 753 .
102 752 106 757 .
139 693 973 776 bonafidesequuti‚prohumanaenaturaestatmmise·

138 778 268 842 ricordia
283 781 434 862 digniores
449 781 530 853 sunt,
544 801 637 863 quam
649 782 701 842 ira.
722 779 850 863 Religio
864 803 971 846 eorum

140 864 229 945 plena
243 867 424 948 ignorantia,
438 866 557 940 mutila,
571 865 601 928 dt
614 886 723 927 manca
732 867 903 928 etiamnum
916 867 977 946 est,

140 948 187 1011 sed
206 954 293 1011 bonae
305 949 383 1012 fidei.
430 949 563 1030 Ideoque
577 949 722 1012 credibile
736 948 778 1010 est
804 953 870 1012 fore
886 967 919 1014 ut
935 956 971 1029 is,

139 1032 188 1114 qui
202 1056 254 1095 non
269 1034 356 1109 metit,
379 1035 426 1096 abi
437 1033 583 1119 transmit,
608 1055 661 1114 pro
676 1035 793 1096 summa
804 1033 856 1096 lua
872 1039 974 1118 aequi·

139 1133 211 1188 tate,
233 1120 268 1180 iis
284 1119 429 1200 ignoscat,
452 1136 595 1182 autcerte
607 1119 705 1181 multo
719 1120 847 1183 leviores
863 1141 977 1202 poenaa

140 1201 292 1282 imponat,
312 1225 442 1284 quorum
455 1201 497 1264 est
509 1225 544 1264 ea
558 1205 628 1266 sors.
798 1229 800 1232 ·

184 1286 243 1348 Sed
254 1287 274 1350 sr
285 1302 458 1368 reputemus
469 1289 607 1350 homines
618 1284 690 1361 elle,
701 1287 812 1368 quibus
827 1308 884 1350 nec
896 1289 972 1351 edu-

140 1373 235 1448 catio,
259 1392 316 1436 nec
331 1373 481 1449 doctores,
505 1393 559 1435 nec
575 1373 657 1447 libri,
679 1373 907 1454 necingenium
920 1373 974 1436 de·

141 1454 242 1532 fuere;
254 1471 287 1519 ut
299 1456 502 1542 intelligerent
514 1479 647 1539 quorum
658 1455 739 1532 edet,
750 1457 782 1517 in
791 1471 973 1520 controver·
1017 1480 1018 1484 ¹

140 1537 189 1603 stis
198 1541 234 1606 de
245 1539 418 1626 Religione,
434 1543 532 1623 potior
541 1541 667 1616 causa&
680 1560 811 1627 quorum
824 1541 955 1605 deterior
962 1567 978 1616 ς,-

141 1623 172 1688 dt
186 1628 239 1708 qui
256 1644 353 1708 partes
366 1629 531 1690 errantium
548 1627 728 1708 sequuntur,
749 1645 784 1686 ea
799 1640 921 1688 tantum
937 1627 975 1688 de

141 1711 241 1786 causa,
266 1712 349 1796 quod
375 1734 460 1793 opes,
483 1710 700 1792 voluptates&
721 1711 852 1773 bonores
881 1712 973 1795 hujus

141 1798 211 1857 vitae
226 1797 304 1876 apud
320 1817 371 1858 eos
387 1796 632 1877 consequentum
660 1797 695 1856 iis
711 1795 778 1856 sane
795 1795 972 1858 hominibus

60 1874 63 1883 ¹
141 1900 204 1943 non
216 1877 367 1957 poffumus
378 1894 440 1942 no'n
453 1881 617 1965 indignari,
628 1900 684 1943 nec
696 1879 859 1961 quisquam
871 1880 910 1941 eil
921 1881 974 1961 qui

142 1982 194 2026 eos
208 1966 349 2027 excusare
364 1963 517 2040 sustineat,
538 1979 592 2027 aut
619 1980 701 2027 certe
725 1965 811 2045 poffit
825 1965 974 2048 ejusmodi

142 2049 213 2112 vitae
226 2048 408 2131 proposrtum
421 2054 509 2123 tueri,
520 2049 572 2112 nili
586 2049 753 2130 profligatae
765 2049 799 2110 srt
810 2051 984 2129 impuden„

143 2133 204 2197 tiae.
246 2134 328 2196 Hinc
345 2136 434 2196 facile
449 2135 619 2216 intelligere
635 2131 689 2208 est,
713 2131 817 2206 finos,
841 2155 985 2216 quorum

141 2219 237 2281 virtus
259 2220 426 2282 etiamnum
454 2220 540 2280 valde
556 2219 727 2298 imperfedia
738 2221 802 2287 ell,.
814 2240 875 2279 non
889 2222 979 2298 porfi-

142 2301 976 2384 musiisignoscere‚quantoseueriorluturasrtsumma

141 2383 203 2451 Dei
219 2384 353 2467 Justitia,
375 2409 445 2470 erga
468 2409 519 2449 eos
540 2389 592 2469 qui
609 2385 810 2448 Mendacium
828 2386 988 2464 Veritati,.'

141 2470 266 2534 scientes
280 2471 308 2534 da
322 2473 481 2551 prudentes
495 2472 691 2553 praetulerint,
701 2474 740 2534 ob
752 2473 868 2534 caduca
883 2489 976 2554 atque

141 2556 256 2619 incerta
270 2558 359 2641 hujus
375 2559 445 2618 vitae
463 2558 598 2618 mortalis
614 2557 704 2618 bona.
718 2585 719 2588 ¹

183 2639 282 2714 Deus,
309 2664 360 2720 pro
387 2642 437 2702 sua
465 2640 581 2703 summa
606 2640 819 2713 misericordia,
845 2642 977 2723 ignoscit

140 2724 335 2810 ignorantiae,
359 2729 445 2810 cujus
462 2729 569 2792 vitium
595 2724 715 2787 nonest
740 2727 839 2799 caula,
863 2727 976 2804 impen

141 2809 407 2884 lediisvirtutibus,
420 2828 510 2894 atque
523 2812 682 2872 hominum
693 2811 745 2892 qui
760 2813 876 2890 decepti
892 2814 989 2888 sum„

141 2898 306 2967 erroribus,
329 2897 487 2974 praesertim
501 2896 585 2956 nulla
600 2895 803 2956 intercedente
821 2897 991 2975 nequi-tia„

141 2999 198 3040 nec
211 2981 274 3041 ullo
290 2980 459 3064 Religionis
474 2995 630 3040 contemtu
646 3007 655 3054 ;
679 2979 723 3040 sed
741 2999 922 3060 numquam,
940 2997 974 3042 ut

142 3062 281 3126 Christus
307 3086 362 3126 nos
387 3067 504 3140 docuit3
526 3065 561 3126 iis
585 3066 702 3125 veniam
720 3068 878 3138 concedat,
905 3065 988 3144 qui„

141 3150 265 3211 ueritate
282 3149 417 3232 cognita,
439 3149 600 3210 maluerint
618 3149 810 3210 mendacium
828 3146 973 3227 profiteri.

140 3231 208 3305 Imo
217 3255 255 3300 ne
264 3234 571 3320 hominibusquidem
583 3234 727 3320 ejusmodi
737 3230 889 3297 smulator
901 3254 975 3317 gra·

925 3334 976 3383 tur
