2250 4132
160 236 222 316 164
306 232 859 299 &Geor-turneham.
922 234 925 238 ’

158 370 178 455 §
194 367 255 433 Ill.
277 368 377 434 Malos
388 369 510 455 spiritus
522 372 649 434 adoratos
667 374 687 437 ἃ
701 371 827 455 Pagonii
837 371 983 455 probatur,

300 458 335 517 ἐν’
343 456 494 540 'ostenditur
507 479 589 538 quam
601 456 677 541 idstr
691 459 848 540 indignum.

200 570 245 631 At
262 590 333 633 vero
354 592 417 634 non
433 571 541 646 bonas,
563 569 609 632 sed
627 570 720 633 malas
735 569 819 632 fuisse
844 568 983 644 Mente,

157 654 269 738 quibus
280 652 470 740 paganorum
480 655 581 719 cultus
589 656 832 736 impendebatur,
840 676 904 717 non
916 655 985 716 ievi-

158 742 214 803 bus
230 738 346 803 constat
357 742 554 826 argumentis.
587 738 750 817 Primum,
765 741 872 822 “quod
884 739 984 801 culto·

159 845 205 886 res
221 824 287 887 suos
303 847 365 888 non
388 827 558 911 rejecerunt
583 824 618 886 ad
645 824 761 886 cuitum
779 825 888 886 summi
905 822 963 885 Dei
974 846 984 896 3

158 910 222 972 imo
231 930 301 973 eum
314 911 445 985 cultum,
461 924 609 992 quantum
620 924 772 987 poterant,
784 906 985 981 sustulerunt3

158 1010 212 1057 aut
226 996 328 1057 saitem
343 997 484 1056 omnibus
500 994 596 1055 modis
611 993 729 1055 summo
740 990 824 1066 Deo,
841 995 872 1054 in
889 993 985 1065 cuitu,

159 1083 271 1161 tequari
289 1079 458 1142 toluetuttt.
486 1100 490 1107 ·
504 1076 655 1146 Secundo,
680 1079 759 1160 quod
774 1079 863 1139 unius
877 1077 987 1139 summi

158 1161 222 1227 Dei
237 1163 406 1225 cultoribus
422 1162 501 1225 mala
514 1162 647 1224 maxima
662 1179 870 1242 procurarunt,
882 1161 987 1223 conti·

159 1249 229 1309 tatis
252 1247 284 1309 in
306 1247 437 1326 ipsorum
452 1267 559 1329 poenas
575 1246 796 1330 magistratibus
812 1246 841 1309 δι
858 1246 988 1328 populis.

158 1330 243 1394 Narn
259 1352 331 1394 curn
346 1329 446 1394 Po'e'tis
457 1335 582 1414 impune
593 1331 697 1392 liceret
709 1327 849 1392 Deorum
865 1332 988 1412 parrici-

158 1418 207 1478 dia
219 1415 247 1479 δι
260 1417 407 1478 adulteria
417 1437 534 1492 canere,
550 1416 579 1479 δι
592 1414 748 1495 Epicureis
760 1413 907 1477 Divinam
922 1435 988 1497 pro·

158 1502 323 1564 videntium
336 1501 352 1562 ὲ
365 1502 453 1564 rebut
465 1501 584 1578 tollere,
597 1520 694 1581 neque
706 1498 770 1561 uila
783 1497 853 1563 effet
865 1496 992 1580 Religio

158 1586 218 1649 alia
232 1602 291 1649 tarn
306 1585 415 1649 'ritibus
429 1583 551 1658 dissona,
574 1605 644 1666 quae
671 1604 734 1645 non
757 1584 788 1645 in
813 1583 988 1646 societatem

158 1672 378 1747 admitteretur,
407 1685 442 1734 ut
468 1667 665 1753 AEgypriacu,
695 1665 838 1751 Phrygia.
862 1664 990 1744 Graec,

157 1752 288 1818 Thusca
303 1755 381 1829 sacra
401 1751 527 1815 Rornae:
549 1752 602 1814 soii
616 1749 718 1833 Judaei
735 1753 837 1832 passim
853 1751 991 1815 ⁵deridi·

157 1838 338 1912 cuioerant,
353 1851 388 1900 ut
398 1856 436 1899 ex
447 1835 552 1900 Satiris
564 1836 594 1900 δι
604 1834 842 1914 Epigrammatie
852 1851 990 1919 apparet,

157 1919 333 1985 ‘interdum
343 1920 373 1985 &
382 1920 610 2007 relegabunturr
628 1922 640 1957 ⁷
653 1919 816 1984 Christiani
829 1940 900 1984 vero
910 1940 991 2003 prae·

157 2013 239 2070 terea
258 2006 350 2069 etiarn
375 2007 562 2070 utrocissimit
587 2004 795 2068 afficiebantur
810 2004 967 2088 suppliciis
981 2029 993 2075 r,

157 2094 246 2179 cujus
261 2093 302 2154 rei
317 2112 380 2154 non
396 2092 454 2155 alia
467 2090 561 2174 potest
576 2090 773 2167 teddicausa,
796 2110 888 2172 quum
906 2088 991 2172 quod

158 2178 207 2240 hae
222 2176 290 2239 duae
306 2174 392 2240 feeiae
408 2198 505 2239 unum
524 2173 629 2239 Deum
644 2190 872 2250 venerarentur,
896 2176 991 2259 eujue

157 2261 269 2325 honori
286 2263 395 2336 recepti
412 2258 468 2324 Dii
480 2259 723 2334 adversabantur,
747 2280 810 2321 non
830 2274 891 2322 tarn
909 2260 992 2321 inter

158 2345 198 2423 se,
221 2356 315 2427 quarn
330 2345 413 2407 illiue
428 2344 544 2408 aemuii.
585 2344 690 2407 Tettio
710 2364 748 2405 ex
770 2343 993 2416 modocultue,

189 2594 379 2663 4Qrdrultoret
388 2594 437 2661 Iuor
455 2595 555 2660 nonnic-
589 2597 671 2648 netur.
695 2608 781 2649 xvrtr.
810 2610 837 2648 1:
866 2596 993 2649 Suetoniut

158 2673 230 2710 rerunt
250 2661 280 2708 ad
298 2663 376 2710 cultum
390 2662 467 2727 funeri
487 2657 555 2726 Dei]
588 2660 741 2721 Tibuiocap.
755 2674 845 2710 xxxvl.

157 2726 221 2774 Bene
229 2722 272 2772 hoe
281 2724 407 2787 exsequitur
417 2725 557 2787 Augustinus
623 2742 637 2787 7
662 2725 775 2790 Christiani
805 2743 856 2774 uere
885 2737 993 2788 preterea

157 2794 186 2837 de
197 2788 295 2836 Civittte
305 2788 347 2837 Dei
357 2789 415 2836 libro
426 2804 451 2837 x.
460 2804 509 2853 etp.
519 2802 557 2852 14.
590 2791 652 2837 etiarn
682 2788 808 2854 urrucrffimit
846 2789 993 2855 afficiebantur

159 2853 256 2914 15,19.
582 2850 716 2919 suppliciis]
745 2853 840 2899 Tacitus
859 2852 993 2902 Annalium

191 2931 205 2981 5
221 2915 342 2966 Deridictrio
352 2913 433 2978 uranu]
444 2916 479 2962 Ut
488 2913 556 2972 curti,
590 2932 632 2963 xv.
650 2932 694 2976 quo
711 2921 734 2964 δι
744 2915 783 2962 iila
792 2919 907 2978 pertinent
918 2918 993 2982 Jttte·

158 2978 256 3037 recutiti,
272 2977 397 3040 sabbatarii,
415 2978 512 3028 nubium
534 2984 558 3029 ie
589 2979 664 3029 uelit:

157 3042 209 3093 oeli
228 3047 362 3107 adutatoret,
388 3047 512 3093 clementes
531 3044 557 3093 in
621 3043 743 3092 -taeda
753 3041 830 3091 lucebis
840 3044 910 3091 inilia

156 3120 244 3172 peccet.
277 3122 282 3133 ¹
621 3107 675 3172 Qu
686 3108 765 3170 stanter
784 3107 866 3165 ardent,
891 3106 932 3172 qui
941 3108 994 3172 fixo

191 3171 207 3218 6
223 3170 327 3219 Interdum
344 3168 374 3218 ὅ
389 3169 557 3237 relegabuntur]
650 3170 837 3234 gutturefumanr,

158 3233 250 3303 Joseph.
263 3249 350 3284 xrrrr.
362 3251 383 3298 5·
401 3237 557 3284 TacitutAn·
620 3235 652 3281 Er
662 3235 718 3297 latur
727 3234 814 3283 aedium
827 3234 898 3301 sulcus
909 3231 994 3283 diducit

157 3298 289 3352 nuliumrr.
303 3301 386 3348 Seneca
397 3299 555 3362 epistolacrx.
651 3304 741 3348 arenam.

937 3413 991 3500 qui
