2250 4132
197 199 711 309 'anC'rrnrsersrL
864 265 883 330 7

57 373 196 446 scuntur,
218 385 269 433 aut
283 370 452 451 pauciores.
492 367 553 433 Dei
578 384 679 432 autem
703 388 762 430 nec
785 368 885 451 origo,

58 478 114 520 nec
125 456 217 519 causa
230 455 292 517 ulla
304 454 357 517 est.
400 454 491 517 Tum
502 475 573 517 vero
585 455 617 516 in
631 451 754 536 singulis
766 451 884 514 diversis

57 543 126 604 sunt
136 540 279 623 quaedam
290 539 486 621 proprietates
496 533 672 620 singulares,
682 537 793 619 quibus
806 536 885 600 inter

59 624 85 687 le
100 624 368 687 discriminentur:
392 643 466 706 quas
492 623 523 685 in
548 618 630 693 Deo,
655 622 709 703 qui
725 620 886 683 naturaest

59 708 231 783 necessaris,
257 722 369 788 ponere
391 728 452 769 non
468 706 511 768 est
525 702 728 768 necellarium.
771 704 885 786 Neque

58 812 130 854 vero
139 795 263 873 usquam
277 788 360 874 signa
374 789 576 872 deprehendas
588 787 726 850 Deorum
741 788 885 869 plurium.

59 875 143 938 Nam
159 890 225 938 tota
237 877 304 938 haee
320 873 495 937 universitas
509 894 605 935 unum
621 874 693 935 facit
707 873 857 935 mundum
873 899 883 945 7·

60 962 92 1021 in
118 980 156 1021 eo
182 959 197 1003 ⁶
221 979 316 1020 unum
328 958 591 1041 pulcherrimum,
614 957 677 1019 sol:
714 959 745 1017 in
761 957 886 1019 homine

59 1046 151 1105 etiam
169 1037 355 1125 unoquoque
381 1063 478 1104 unum
505 1043 642 1122 imperat,
663 1060 760 1103 mens.
802 1038 886 1104 Prae-

59 1142 153 1203 terea,
170 1126 190 1189 li
206 1128 269 1189 duo
281 1125 385 1201 silent,
408 1141 460 1186 aut
475 1123 573 1205 plures
588 1125 643 1198 dii,
654 1124 748 1187 libere
762 1140 886 1208 agentes

60 1212 89 1273 δι
104 1211 254 1287 volentes,
278 1208 393 1293 polient
406 1211 555 1272 contraria
570 1209 669 1271 velle:
691 1211 888 1289 impediretur

60 1310 164 1356 autem
177 1295 252 1357 alter
264 1297 304 1356 ab
314 1294 420 1369 altero,
435 1315 499 1376 quo
507 1297 609 1355 minus
623 1293 704 1375 quod
717 1293 806 1356 vellet
818 1295 883 1354 effi·

59 1394 165 1443 cerer:
189 1377 328 1461 impediri
342 1392 443 1441 autern
457 1376 535 1460 polle
549 1374 620 1441 Deo
635 1376 796 1461 indignum
810 1375 865 1442 est.
926 1396 928 1402 ’

168 1543 188 1630 §
202 1542 261 1609 lv.
274 1502 321 1609 'ln
334 1544 398 1609 Deo
409 1544 459 1633 effe
470 1567 571 1609 omnem
581 1543 785 1631 perfinitum.

106 1666 154 1730 Ut
169 1681 279 1741 caeteta
302 1667 363 1732 Dei
380 1670 534 1759 'attributa
548 1669 717 1745 noscamus,
737 1688 828 1731 omne
842 1669 889 1745 id,

61 1753 147 1837 quod
164 1754 355 1832 perfeetionis
368 1755 495 1817 nomine
517 1754 613 1817 intelli
638 1757 648 1818 i
666 1755 740 1817 solet
753 1756 889 1836 (utimur

64 1856 151 1898 nunc
181 1837 251 1898 sane
278 1839 338 1903 hoc
362 1837 514 1901 vocabulo·
533 1778 657 1922 quanio
673 1838 756 1901 aliud
781 1838 889 1921 lingue

60 1918 177 1982 Latina
191 1940 254 1982 non
265 1921 447 2003 suppeditat3
463 1919 611 1986 Graecum
620 1921 663 1986 est
676 1923 842 2004 venerisne)
856 1923 891 1986 in

63 1999 139 2066 Deo
152 2001 218 2080 effe,
232 2005 307 2066 hino
318 2005 496 2091 intelligitur
509 2027 518 2067 e
541 2007 623 2088 quod
636 2029 838 2091 quacumque
845 2006 889 2070 est

60 2086 254 2172 perlefiioin
264 2089 366 2165 rebus,
380 2110 416 2158 ea
427 2103 480 2158 eut
491 2092 633 2175 coperit,
645 2106 770 2157 autnon
782 2111 891 2174 eoepe·

62 2169 117 2239 rit.
159 2168 241 2257 (ξιτ
268 2198 334 2242 non
354 2179 468 2260 erepit,
500 2175 564 2241 Dei
576 2175 630 2241 est.
673 2176 757 2260 Qiae
781 2177 890 2257 coepit,

62 2257 182 2323 necelse
195 2261 236 2322 eil
250 2263 401 2335 habuerit,
423 2262 503 2324 unde
519 2262 675 2344 inciperet.
729 2261 855 2325 Etcum
871 2258 893 2322 ὶ

63 2344 166 2408 nihilo
177 2344 252 2406 nibil
265 2343 317 2408 liat
329 2365 433 2408 eorum
445 2365 515 2427 quae
526 2345 607 2425 sunt,
622 2346 766 2428 sequitur,
774 2359 807 2408 ut
819 2364 890 2427 quae
940 2369 948 2389 ‹

13 2492 17 2497 ,
63 2430 99 2490 in
114 2426 231 2491 effectis
244 2430 610 2511 apperenepertettiones,
622 2431 654 2492 in
665 2428 891 2502 consuluerint,

63 2525 101 2575 ut
117 2510 282 2574 seeundum
309 2533 358 2575 eas
380 2513 469 2576 eausa
480 2514 600 2576 efficere
612 2513 725 2596 aliquid
742 2514 840 2594 poffit,
859 2511 892 2575 δι

64 2597 324 2749 ppzisrrdenomnefs
335 2598 383 2742 gn
400 2594 628 2745 primastcausa.b
657 2594 770 2696 licque
795 2597 900 2717 prima·

64 2700 202 2838 iiiii,
219 2699 560 2846 iniustitiis?
573 2697 894 2842 {i5‘2l'0llltsltt

66 2867 132 2909 non
150 2847 272 2925 pendet,
288 2869 385 2931 neque
398 2852 563 2931 quicquam
580 2851 618 2912 ab
638 2850 758 2912 illarum
772 2847 893 2909 stelione

67 2936 198 3011 patitur:
214 2933 421 3015 nequeveroi
438 2933 478 3010 se,
494 2935 566 3014 quia
577 2951 683 2996 natura
697 2932 797 2996 omnis
810 2929 894 2994 luam
998 2970 1001 2977 -

67 3014 420 3099 perteuionemappetit.

103 3174 209 3230 evuin
225 3183 393 3247 pulcherrimum,
412 3177 467 3247 sol]
500 3182 598 3232 ineolis:
627 3184 681 3234 ficut
701 3182 753 3233 riiir
772 3170 904 3235 opificibus*

68 3246 141 3292 certe
159 3246 252 3293 verusio
271 3248 427 3309 hujusnolim
444 3257 471 3294 ut
501 3261 578 3295 sentes
599 3245 639 3296 illa
659 3251 733 3310 igneo,
758 3266 810 3311 quae
824 3250 896 3313 stellae

31 3348 40 3367 .
67 3324 137 3360 nore
158 3309 269 3360 hodierno
285 3312 372 3376 loquer,
394 3311 470 3361 solerie
503 3325 619 3362 vocemus.
650 3314 747 3365 clericus.
781 3374 786 3378 ¹

484 3406 552 3491 A4
762 3401 896 3495 §Ml
