2250 4132
232 191 237 198 ‚
283 212 604 281 uenenum.
643 210 736 278 Lio.
761 212 819 278 ΙΙΙ.
905 238 964 301 149

146 360 195 414 tem
215 352 350 437 aliquam
375 354 570 437 interpolare,
592 377 642 417 eos
664 371 817 436 tamquam
831 352 964 416 falsarios

143 440 233 502 eaeteri
250 436 430 501 detuliffent.
476 437 588 523 Neque
610 462 681 502 vero
695 439 789 500 ullam
807 440 916 502 sellam
933 440 962 500 id

142 542 283 606 umquam
295 521 427 584 habuisse
441 523 587 603 licentiae,
598 528 696 586 uthos>
708 526 800 586 libros
817 526 964 586 mutando

139 607 168 668 ad
195 608 248 670 sua
272 608 382 689 placita
407 625 533 690 aptaret,
563 611 609 671 vel
633 612 702 670 inde
729 610 796 671 satis
821 610 963 692 colligas,

136 694 216 774 quod
237 712 344 753 omnes
370 691 457 756 senae
479 696 510 756 ὅτ
534 696 671 757 adversus
699 715 804 754 omnes
822 694 892 755 hinc
908 692 961 755 sibi

134 792 313 861 argumenta
336 778 531 857 depromunt.
575 778 665 840 Tum
690 780 770 860 quod
798 779 835 838 de
860 779 963 840 divina

131 861 325 943 providentia
349 866 517 947 attigimus,
541 863 575 924 ad
603 882 699 942 partes
714 865 882 944 praecipuas
899 884 962 924 non
1006 908 1008 913 -

131 948 248 1022 minus,
273 967 364 1029 quam
391 952 426 1007 ad
452 963 533 1010 totos
559 949 652 1010 libros
676 950 825 1028 pertinet3
856 949 882 1008 ei
899 967 961 1009 non

130 1032 308 1108 convenire,
332 1046 365 1092 ut
380 1033 496 1095 sciverit
518 1030 604 1094 Deus
629 1048 674 1093 tot
690 1033 785 1094 millia
802 1034 963 1095 hominum

130 1117 255 1197 pietatis
270 1115 409 1190 studiosa,
425 1117 454 1179 δε
470 1134 612 1199 aeternam
630 1118 752 1178 salutem
768 1115 882 1201 sincero
891 1139 963 1199 pro·

129 1198 424 1284 positoquaerentia,
448 1202 549 1263 induci
566 1206 597 1263 in
617 1223 687 1263 eum
702 1222 845 1278 errorem,
868 1221 960 1284 quem

128 1285 226 1359 qitare
246 1285 375 1351 omnino
388 1307 451 1348 non
467 1284 591 1366 pollent.
636 1284 676 1347 Et
693 1287 755 1347 haec
791 1289 890 1349 uidem
907 1294 966 1366 pro'

128 1310 961 1451 Novifoederislibrisdiuasunto,quis1s0liexstarent,

130 1452 201 1518 latia
217 1451 300 1531 elset,
324 1455 404 1519 unde
419 1476 519 1519 veram
531 1453 726 1541 Religionem
742 1454 936 1522 disceremus.

127 1616 263 1709 §va
285 1618 346 1685 Pro
369 1625 533 1687 austeritate
549 1619 688 1709 ¹librorum
709 1620 815 1687 Veteris
830 1623 977 1688 Fadius..
1017 1694 1019 1698 7

170 1732 257 1799 Nam
281 1756 353 1799 cum
379 1733 570 1801 Deo'visum
594 1738 685 1800 fuerit
707 1737 799 1801 etiam
821 1734 966 1821 Judai'cae'

128 1818 317 1905 Religionis,
332 1841 402 1902 quae
413 1841 482 1884 veta
490 1822 564 1885 olim
576 1823 646 1894 fuit,
662 1820 690 1885 δι
704 1819 885 1887 Christiana
896 1846 961 1887 non

128 1905 246 1991 exigua
260 1903 431 1970 testimonia
446 1907 571 1988 praebet,
595 1904 793 1969 instrumenta
810 1910 896 1970 nobis
911 1930 965 1991 re-¹

127 1987 283 2137 liqquere,
305 2010 370 2053 non
385 1991 437 2053 aba
452 1993 554 2069 reerit
571 1992 616 2053 his
632 2011 756 2073 quoque
771 1989 862 2054 fidem
877 1992 965 2068 suam¹

128 2073 166 2137 ad
196 2093 292 2138 ruere.
335 2071 403 2136 Else
427 2090 527 2137 autem
554 2079 609 2137 hos
634 2074 726 2136 libros
745 2095 863 2144 eorum,
883 2097 960 2158 quo·

128 2178 201 2223 rum
212 2159 370 2235 dicuntur,
392 2161 455 2239 pari
471 2160 563 2222 modo
576 2157 705 2235 constat,
728 2178 790 2242 quo
805 2159 834 2221 id
850 2159 887 2221 de
902 2180 961 2224 no-

128 2240 197 2307 uris
211 2242 297 2306 libris
313 2243 518 2324 probavimus.
564 2242 607 2307 Hi
623 2257 735 2316 autem,
756 2265 887 2326 quorum
901 2250 967 2308 no-'

128 2328 217 2392 mina
231 2328 410 2407 praeferunt,
432 2344 485 2392 aut
498 2325 657 2406 Prophetae
672 2327 807 2405 fuerunt,
836 2346 890 2393 aut
905 2329 962 2394 viri

127 2410 190 2477 fide
206 2411 387 2496 digniffimi3
404 2413 548 2560 ¹qualis&
560 2410 674 2486 Esdras,
690 2415 742 2495 qui
755 2433 806 2478 eoa
818 2415 849 2477 in
864 2436 960 2478 unum

127 2496 276 2567 volumen
291 2494 401 2580 collegi
426 2498 601 2571 conditur,
619 2519 682 2578 quo
702 2513 838 2575 tempore
859 2501 961 2562 adhuc

128 2577 294 2662 Prophetae
307 2583 451 2643 vivebant
463 2584 610 2666 Aggaeus,
632 2582 813 2657 Malachiae,
838 2582 960 2646 Zacha-

129 2665 203 2728 rias.
247 2663 323 2727 Non
337 2682 468 2748 repetam
485 2668 548 2739 hic,
565 2689 632 2753 quae
648 2669 678 2728 in
695 2664 791 2728 Musis
802 2687 961 2729 commen·

128 2748 286 2813 dationem
303 2749 383 2812 dieta
398 2752 465 2813 sunt
478 2751 575 2831 supra.
606 2750 718 2832 Neque
731 2771 801 2813 vero
817 2772 883 2832 pars
895 2770 963 2814 tan·

129 2848 201 2895 tum
217 2832 270 2895 illa
285 2834 383 2915 prima
411 2835 429 2897 ὲ
453 2832 542 2896 Mose
558 2837 676 2908 tradita,
700 2849 735 2898 ut
759 2837 858 2920 primo
883 2837 964 2900 libro

128 2918 328 2988 ostendimus,
340 2918 386 2980 sed
400 2921 428 2982 &
443 2921 591 2983 recentior
606 2919 726 2982 historia
742 2919 852 2982 multos
863 2919 962 3006 Paga·

128 3023 245 3069 norum
269 3004 361 3067 habet
380 3004 618 3086 adstipulatores.
665 3005 717 3068 Sic
743 3008 757 3036 ²
776 3002 905 3068 Davidis
930 3005 966 3081 δι,

875 3088 962 3154 Salo·

601 3179 624 3212 κ

163 3261 181 3295 a.
197 3246 296 3293 Doridis
317 3244 346 3294 ὅ
366 3243 480 3296 Salomonis
497 3264 532 3295 nn·
565 3251 652 3311 dequae
666 3264 692 3296 ex
710 3246 737 3295 iis
757 3248 835 3305 recitat
849 3248 964 3314 josephue

130 3309 466 3374 mina‚&soederacum7'yriir
490 3329 533 3360 να·
566 3312 677 3374 Antiquae
687 3311 786 3362 histotiae
796 3313 837 3363 lib.
854 3327 922 3362 vm.
936 3326 963 3361 c.
1017 3312 1020 3318 '

123 3373 225 3441 strelam
232 3376 357 3425 Phoenicum
365 3323 530 3457 Annalersvi·
566 3392 590 3490 aG
603 3378 654 3507 3ubi
666 3378 726 3427 addit
738 3380 851 3431 retentem
862 3375 965 3491 erqqanl:
