<?xml version="1.0" encoding="UTF-8"?>
<!DOCTYPE html PUBLIC "-//W3C//DTD XHTML 1.0 Transitional//EN"
    "http://www.w3.org/TR/xhtml1/DTD/xhtml1-transitional.dtd">
<html xmlns="http://www.w3.org/1999/xhtml" xml:lang="en" lang="en">
 <head>
  <title>
</title>
<meta http-equiv="Content-Type" content="text/html;charset=utf-8" />
  <meta name='ocr-system' content='tesseract 3.04.00' />
  <meta name='ocr-capabilities' content='ocr_page ocr_carea ocr_par ocr_line ocrx_word'/>
</head>
<body>
  <div class='ocr_page' id='page_1' title='image "./deveritaterelig00goog_0299.png"; bbox 0 0 2250 4132; ppageno 0'>
   <div class='ocr_carea' id='block_1_1' title="bbox 172 270 899 363">
    <p class='ocr_par' dir='ltr' id='par_1_1' title="bbox 172 270 899 363">
     <span class='ocr_line' id='line_1_1' title="bbox 172 270 899 363; baseline 0.003 -24"><span class='ocrx_word' id='word_1_1' title='bbox 172 273 236 341; x_wconf 82' lang='lat'>268</span> <span class='ocrx_word' id='word_1_2' title='bbox 288 270 899 363; x_wconf 76' lang='lat' dir='ltr'>J.Caaa1croarr1crrana</span> 
     </span>
    </p>
   </div>
   <div class='ocr_carea' id='block_1_2' title="bbox 76 392 1011 2916">
    <p class='ocr_par' dir='ltr' id='par_1_2' title="bbox 76 392 1011 1724">
     <span class='ocr_line' id='line_1_2' title="bbox 168 392 1006 480; baseline -0.004 -21"><span class='ocrx_word' id='word_1_3' title='bbox 168 397 398 472; x_wconf 79' lang='lat' dir='ltr'>damnantibus,</span> <span class='ocrx_word' id='word_1_4' title='bbox 420 409 510 479; x_wconf 88' lang='lat' dir='ltr'>atque</span> <span class='ocrx_word' id='word_1_5' title='bbox 522 392 682 463; x_wconf 74' lang='lat' dir='ltr'>ecoetibua</span> <span class='ocrx_word' id='word_1_6' title='bbox 698 394 781 458; x_wconf 86' lang='lat' dir='ltr'>ferali</span> <span class='ocrx_word' id='word_1_7' title='bbox 790 398 865 461; x_wconf 91' lang='lat' dir='ltr'>odio</span> <span class='ocrx_word' id='word_1_8' title='bbox 875 401 1006 480; x_wconf 71' lang='lat' dir='ltr'>proscri.</span> 
     </span>
     <span class='ocr_line' id='line_1_3' title="bbox 168 477 1006 561; baseline 0.007 -18"><span class='ocrx_word' id='word_1_9' title='bbox 168 481 331 561; x_wconf 72' lang='lat' dir='ltr'>bentibu85</span> <span class='ocrx_word' id='word_1_10' title='bbox 354 501 459 543; x_wconf 83' lang='lat' dir='ltr'>eorum</span> <span class='ocrx_word' id='word_1_11' title='bbox 475 477 601 542; x_wconf 82' lang='lat' dir='ltr'>uilifine</span> <span class='ocrx_word' id='word_1_12' title='bbox 615 479 757 542; x_wconf 78' lang='lat' dir='ltr'>examine</span> <span class='ocrx_word' id='word_1_13' title='bbox 776 481 934 555; x_wconf 85' lang='lat' dir='ltr'>adsentiri,</span> <span class='ocrx_word' id='word_1_14' title='bbox 954 503 1006 551; x_wconf 87' lang='lat' dir='ltr'>aut</span> 
     </span>
     <span class='ocr_line' id='line_1_4' title="bbox 76 563 1005 651; baseline 0.008 -24"><span class='ocrx_word' id='word_1_15' title='bbox 76 628 82 637; x_wconf 71' lang='grc'><strong>,</strong></span> <span class='ocrx_word' id='word_1_16' title='bbox 166 567 282 651; x_wconf 74' lang='lat' dir='ltr'>exejus</span> <span class='ocrx_word' id='word_1_17' title='bbox 297 563 440 641; x_wconf 85' lang='lat' dir='ltr'>formula,</span> <span class='ocrx_word' id='word_1_18' title='bbox 463 581 657 646; x_wconf 84' lang='lat' dir='ltr'>nequaquam</span> <span class='ocrx_word' id='word_1_19' title='bbox 669 564 811 646; x_wconf 85' lang='lat' dir='ltr'>expensa,</span> <span class='ocrx_word' id='word_1_20' title='bbox 827 568 907 631; x_wconf 83' lang='lat' dir='ltr'>alios</span> <span class='ocrx_word' id='word_1_21' title='bbox 919 570 1005 634; x_wconf 87' lang='lat' dir='ltr'>dam-</span> 
     </span>
     <span class='ocr_line' id='line_1_5' title="bbox 165 646 1005 734; baseline 0.007 -22"><span class='ocrx_word' id='word_1_22' title='bbox 165 671 251 723; x_wconf 83' lang='lat' dir='ltr'>nare,</span> <span class='ocrx_word' id='word_1_23' title='bbox 273 670 333 712; x_wconf 91' lang='lat' dir='ltr'>non</span> <span class='ocrx_word' id='word_1_24' title='bbox 350 647 549 731; x_wconf 87' lang='lat' dir='ltr'>imprudentia</span> <span class='ocrx_word' id='word_1_25' title='bbox 564 661 700 724; x_wconf 86' lang='lat' dir='ltr'>tantum,</span> <span class='ocrx_word' id='word_1_26' title='bbox 720 646 768 709; x_wconf 88' lang='lat' dir='ltr'>sed</span> <span class='ocrx_word' id='word_1_27' title='bbox 782 651 880 714; x_wconf 74' lang='lat' dir='ltr'>etiarn</span> <span class='ocrx_word' id='word_1_28' title='bbox 892 646 1005 734; x_wconf 81' lang='lat' dir='ltr'>praeci·</span> 
     </span>
     <span class='ocr_line' id='line_1_6' title="bbox 166 728 1004 818; baseline 0.01 -23"><span class='ocrx_word' id='word_1_29' title='bbox 166 735 240 815; x_wconf 76' lang='lat' dir='ltr'>pitis</span> <span class='ocrx_word' id='word_1_30' title='bbox 265 734 295 797; x_wconf 74' lang='grc' dir='ltr'>δι</span> <span class='ocrx_word' id='word_1_31' title='bbox 311 734 408 815; x_wconf 86' lang='lat' dir='ltr'>iniqui</span> <span class='ocrx_word' id='word_1_32' title='bbox 422 729 493 794; x_wconf 79' lang='lat' dir='ltr'>eiset</span> <span class='ocrx_word' id='word_1_33' title='bbox 507 731 652 793; x_wconf 73' lang='lat' dir='ltr'>hominis.</span> <span class='ocrx_word' id='word_1_34' title='bbox 695 728 808 796; x_wconf 74' lang='lat' dir='ltr'>Coetus</span> <span class='ocrx_word' id='word_1_35' title='bbox 821 737 878 818; x_wconf 88' lang='lat' dir='ltr'>qui</span> <span class='ocrx_word' id='word_1_36' title='bbox 902 757 1004 803; x_wconf 85' lang='lat' dir='ltr'>veram</span> 
     </span>
     <span class='ocr_line' id='line_1_7' title="bbox 167 813 1011 900; baseline 0.009 -20"><span class='ocrx_word' id='word_1_37' title='bbox 167 818 253 881; x_wconf 85' lang='lat' dir='ltr'>illam</span> <span class='ocrx_word' id='word_1_38' title='bbox 278 817 487 900; x_wconf 81' lang='lat' dir='ltr'>Religionem,</span> <span class='ocrx_word' id='word_1_39' title='bbox 519 815 608 900; x_wconf 77' lang='lat' dir='ltr'>cujus</span> <span class='ocrx_word' id='word_1_40' title='bbox 635 813 872 882; x_wconf 84' lang='lat' dir='ltr'>deiineationern</span> <span class='ocrx_word' id='word_1_41' title='bbox 897 823 1011 888; x_wconf 75' lang='lat' dir='ltr'>animo</span> 
     </span>
     <span class='ocr_line' id='line_1_8' title="bbox 166 899 1003 986; baseline 0.005 -20"><span class='ocrx_word' id='word_1_42' title='bbox 166 903 323 984; x_wconf 86' lang='lat' dir='ltr'>concepit,</span> <span class='ocrx_word' id='word_1_43' title='bbox 334 900 382 964; x_wconf 85' lang='lat' dir='ltr'>vel</span> <span class='ocrx_word' id='word_1_44' title='bbox 392 901 499 983; x_wconf 85' lang='lat' dir='ltr'>partim</span> <span class='ocrx_word' id='word_1_45' title='bbox 509 899 656 984; x_wconf 81' lang='lat' dir='ltr'>rejiceret,</span> <span class='ocrx_word' id='word_1_46' title='bbox 666 900 905 986; x_wconf 75' lang='lat' dir='ltr'>credentemque</span> <span class='ocrx_word' id='word_1_47' title='bbox 915 907 1003 971; x_wconf 86' lang='lat' dir='ltr'>dam-</span> 
     </span>
     <span class='ocr_line' id='line_1_9' title="bbox 165 982 1004 1067; baseline 0.005 -16"><span class='ocrx_word' id='word_1_48' title='bbox 165 1002 267 1064; x_wconf 86' lang='lat' dir='ltr'>naret,</span> <span class='ocrx_word' id='word_1_49' title='bbox 288 1007 352 1048; x_wconf 91' lang='lat' dir='ltr'>non</span> <span class='ocrx_word' id='word_1_50' title='bbox 367 982 458 1067; x_wconf 81' lang='lat' dir='ltr'>poffet</span> <span class='ocrx_word' id='word_1_51' title='bbox 473 984 562 1046; x_wconf 78' lang='lat' dir='ltr'>abeo</span> <span class='ocrx_word' id='word_1_52' title='bbox 584 1004 637 1065; x_wconf 88' lang='lat' dir='ltr'>per</span> <span class='ocrx_word' id='word_1_53' title='bbox 649 984 754 1047; x_wconf 89' lang='lat' dir='ltr'>ouinia</span> <span class='ocrx_word' id='word_1_54' title='bbox 768 1005 839 1048; x_wconf 85' lang='lat' dir='ltr'>vere</span> <span class='ocrx_word' id='word_1_55' title='bbox 854 987 1004 1055; x_wconf 85' lang='lat' dir='ltr'>Christia-</span> 
     </span>
     <span class='ocr_line' id='line_1_10' title="bbox 161 1068 1003 1158; baseline 0.001 -23"><span class='ocrx_word' id='word_1_56' title='bbox 161 1093 225 1135; x_wconf 78' lang='lat' dir='ltr'>nus</span> <span class='ocrx_word' id='word_1_57' title='bbox 240 1071 356 1146; x_wconf 87' lang='lat' dir='ltr'>haberi,</span> <span class='ocrx_word' id='word_1_58' title='bbox 377 1089 433 1131; x_wconf 86' lang='lat' dir='ltr'>nec</span> <span class='ocrx_word' id='word_1_59' title='bbox 448 1070 607 1146; x_wconf 76' lang='lat' dir='ltr'>impetrare</span> <span class='ocrx_word' id='word_1_60' title='bbox 621 1083 655 1130; x_wconf 90' lang='lat' dir='ltr'>ut</span> <span class='ocrx_word' id='word_1_61' title='bbox 669 1068 791 1150; x_wconf 76' lang='lat' dir='ltr'>quosvis</span> <span class='ocrx_word' id='word_1_62' title='bbox 802 1070 864 1152; x_wconf 82' lang='lat' dir='ltr'>ipse</span> <span class='ocrx_word' id='word_1_63' title='bbox 875 1094 1003 1158; x_wconf 86' lang='lat' dir='ltr'>quoque</span> 
     </span>
     <span class='ocr_line' id='line_1_11' title="bbox 164 1151 1004 1298; baseline -0.01 -80"><span class='ocrx_word' id='word_1_64' title='bbox 164 1157 335 1230; x_wconf 85' lang='lat' dir='ltr'>damnarer,</span> <span class='ocrx_word' id='word_1_65' title='bbox 356 1173 434 1236; x_wconf 76' lang='lat' dir='ltr'>quos</span> <span class='ocrx_word' id='word_1_66' title='bbox 444 1151 646 1229; x_wconf 80' lang='lat' dir='ltr'>damnandos,</span> <span class='ocrx_word' id='word_1_67' title='bbox 668 1152 897 1298; x_wconf 48' lang='lat' dir='ltr'>eeiciendosque</span> <span class='ocrx_word' id='word_1_68' title='bbox 911 1161 1004 1223; x_wconf 79' lang='lat' dir='ltr'>coeti.</span> 
     </span>
     <span class='ocr_line' id='line_1_12' title="bbox 165 1232 1001 1328; baseline 0.006 -27"><span class='ocrx_word' id='word_1_69' title='bbox 165 1241 224 1301; x_wconf 79' lang='lat' dir='ltr'>bus</span> <span class='ocrx_word' id='word_1_70' title='bbox 239 1237 482 1301; x_wconf 83' lang='lat' dir='ltr'>Christianorum</span> <span class='ocrx_word' id='word_1_71' title='bbox 498 1232 634 1298; x_wconf 81' lang='lat' dir='ltr'>Ecclefia</span> <span class='ocrx_word' id='word_1_72' title='bbox 655 1235 707 1298; x_wconf 82' lang='lat' dir='ltr'>ila</span> <span class='ocrx_word' id='word_1_73' title='bbox 728 1237 875 1302; x_wconf 82' lang='lat' dir='ltr'>censeret.</span> <span class='ocrx_word' id='word_1_74' title='bbox 918 1240 1001 1328; x_wconf 89' lang='lat' dir='ltr'>Ergo</span> 
     </span>
     <span class='ocr_line' id='line_1_13' title="bbox 165 1317 1000 1403; baseline 0.008 -19"><span class='ocrx_word' id='word_1_75' title='bbox 165 1322 344 1391; x_wconf 82' lang='lat' dir='ltr'>videndum,</span> <span class='ocrx_word' id='word_1_76' title='bbox 367 1338 437 1382; x_wconf 88' lang='lat' dir='ltr'>ante</span> <span class='ocrx_word' id='word_1_77' title='bbox 449 1321 567 1393; x_wconf 88' lang='lat' dir='ltr'>omnia,</span> <span class='ocrx_word' id='word_1_78' title='bbox 586 1317 641 1394; x_wconf 88' lang='lat' dir='ltr'>est,</span> <span class='ocrx_word' id='word_1_79' title='bbox 662 1319 780 1382; x_wconf 87' lang='lat' dir='ltr'>homini</span> <span class='ocrx_word' id='word_1_80' title='bbox 796 1323 1000 1403; x_wconf 59' lang='lat' dir='ltr'>prudenti&amp;</span> 
     </span>
     <span class='ocr_line' id='line_1_14' title="bbox 286 1402 1000 1575; baseline 0.004 -18.562"><span class='ocrx_word' id='word_1_81' title='bbox 286 1402 1000 1575; x_wconf 59' lang='lat' dir='ltr'>urrunnutaurania</span> 
     </span>
     <span class='ocr_line' id='line_1_15' title="bbox 164 1574 955 1724; baseline -0.004 -86"><span class='ocrx_word' id='word_1_82' title='bbox 164 1574 527 1724; x_wconf 46' lang='lat' dir='ltr'>iisrgueadhaerendum</span> <span class='ocrx_word' id='word_1_83' title='bbox 781 1657 789 1671; x_wconf 41' lang='lat'><strong>·</strong></span> <span class='ocrx_word' id='word_1_84' title='bbox 814 1655 821 1670; x_wconf 45' lang='lat'><strong>·</strong></span> <span class='ocrx_word' id='word_1_85' title='bbox 951 1594 955 1605; x_wconf 73' lang='lat'>¹</span> 
     </span>
    </p>

    <p class='ocr_par' dir='ltr' id='par_1_3' title="bbox 158 1652 998 2916">
     <span class='ocr_line' id='line_1_16' title="bbox 163 1652 998 1822; baseline 0.001 -14"><span class='ocrx_word' id='word_1_86' title='bbox 163 1652 657 1822; x_wconf 51' lang='lat' dir='ltr'>1112522152233123235:iia</span> <span class='ocrx_word' id='word_1_87' title='bbox 666 1653 937 1806; x_wconf 48' lang='lat' dir='ltr'>rddidit?</span> <span class='ocrx_word' id='word_1_88' title='bbox 932 1662 998 1809; x_wconf 60' lang='lat'>,¹¹33</span> 
     </span>
     <span class='ocr_line' id='line_1_17' title="bbox 163 1821 997 1907; baseline 0.002 -16"><span class='ocrx_word' id='word_1_89' title='bbox 163 1844 214 1892; x_wconf 80' lang='lat' dir='ltr'>tua</span> <span class='ocrx_word' id='word_1_90' title='bbox 229 1824 418 1890; x_wconf 82' lang='lat' dir='ltr'>Christianus</span> <span class='ocrx_word' id='word_1_91' title='bbox 439 1821 532 1898; x_wconf 73' lang='lat' dir='ltr'>esset,</span> <span class='ocrx_word' id='word_1_92' title='bbox 564 1823 642 1904; x_wconf 88' lang='lat' dir='ltr'>apud</span> <span class='ocrx_word' id='word_1_93' title='bbox 655 1843 747 1907; x_wconf 89' lang='lat' dir='ltr'>quem</span> <span class='ocrx_word' id='word_1_94' title='bbox 761 1825 915 1890; x_wconf 86' lang='lat' dir='ltr'>videretur</span> <span class='ocrx_word' id='word_1_95' title='bbox 929 1851 997 1893; x_wconf 84' lang='lat' dir='ltr'>vera</span> 
     </span>
     <span class='ocr_line' id='line_1_18' title="bbox 164 1906 996 1992; baseline 0 -16"><span class='ocrx_word' id='word_1_96' title='bbox 164 1911 279 1975; x_wconf 87' lang='lat' dir='ltr'>Christi</span> <span class='ocrx_word' id='word_1_97' title='bbox 294 1908 430 1985; x_wconf 66' lang='lat' dir='ltr'>dodrina</span> <span class='ocrx_word' id='word_1_98' title='bbox 445 1908 544 1990; x_wconf 85' lang='lat' dir='ltr'>palam</span> <span class='ocrx_word' id='word_1_99' title='bbox 552 1906 667 1984; x_wconf 91' lang='lat' dir='ltr'>doceri,</span> <span class='ocrx_word' id='word_1_100' title='bbox 683 1908 714 1972; x_wconf 80' lang='lat' dir='ltr'>dc</span> <span class='ocrx_word' id='word_1_101' title='bbox 728 1907 807 1991; x_wconf 90' lang='lat' dir='ltr'>apud</span> <span class='ocrx_word' id='word_1_102' title='bbox 821 1931 918 1992; x_wconf 88' lang='lat' dir='ltr'>quem</span> <span class='ocrx_word' id='word_1_103' title='bbox 934 1935 996 1978; x_wconf 91' lang='lat' dir='ltr'>non</span> 
     </span>
     <span class='ocr_line' id='line_1_19' title="bbox 163 1990 996 2079; baseline 0 -19"><span class='ocrx_word' id='word_1_104' title='bbox 163 1998 371 2079; x_wconf 81' lang='lat' dir='ltr'>imponeretur</span> <span class='ocrx_word' id='word_1_105' title='bbox 384 1993 536 2055; x_wconf 82' lang='lat' dir='ltr'>nccefliras</span> <span class='ocrx_word' id='word_1_106' title='bbox 550 1990 700 2074; x_wconf 76' lang='lat' dir='ltr'>dogmatis</span> <span class='ocrx_word' id='word_1_107' title='bbox 726 1991 895 2077; x_wconf 86' lang='lat' dir='ltr'>cujuspiam</span> <span class='ocrx_word' id='word_1_108' title='bbox 909 1996 996 2060; x_wconf 80' lang='lat' dir='ltr'>dam·</span> 
     </span>
     <span class='ocr_line' id='line_1_20' title="bbox 164 2073 996 2164; baseline -0.002 -18"><span class='ocrx_word' id='word_1_109' title='bbox 164 2083 270 2157; x_wconf 89' lang='lat' dir='ltr'>nandi,</span> <span class='ocrx_word' id='word_1_110' title='bbox 286 2077 368 2164; x_wconf 90' lang='lat' dir='ltr'>quod</span> <span class='ocrx_word' id='word_1_111' title='bbox 381 2073 702 2160; x_wconf 82' lang='lat' dir='ltr'>verumjudicaffemus</span> <span class='ocrx_word' id='word_1_112' title='bbox 712 2101 724 2152; x_wconf 76' lang='lat'>3</span> <span class='ocrx_word' id='word_1_113' title='bbox 745 2090 812 2139; x_wconf 86' lang='lat' dir='ltr'>tum</span> <span class='ocrx_word' id='word_1_114' title='bbox 821 2096 896 2141; x_wconf 86' lang='lat' dir='ltr'>vero</span> <span class='ocrx_word' id='word_1_115' title='bbox 904 2100 996 2162; x_wconf 85' lang='lat' dir='ltr'>opera</span> 
     </span>
     <span class='ocr_line' id='line_1_21' title="bbox 164 2157 995 2245; baseline -0.002 -15"><span class='ocrx_word' id='word_1_116' title='bbox 164 2166 235 2230; x_wconf 82' lang='lat' dir='ltr'>effer</span> <span class='ocrx_word' id='word_1_117' title='bbox 248 2164 346 2228; x_wconf 86' lang='lat' dir='ltr'>danda</span> <span class='ocrx_word' id='word_1_118' title='bbox 355 2163 396 2237; x_wconf 89' lang='lat' dir='ltr'>ei,</span> <span class='ocrx_word' id='word_1_119' title='bbox 418 2163 470 2245; x_wconf 92' lang='lat' dir='ltr'>qui</span> <span class='ocrx_word' id='word_1_120' title='bbox 480 2180 593 2223; x_wconf 75' lang='lat' dir='ltr'>errores</span> <span class='ocrx_word' id='word_1_121' title='bbox 604 2157 851 2239; x_wconf 84' lang='lat' dir='ltr'>deprehendiss&#39;et‚</span> <span class='ocrx_word' id='word_1_122' title='bbox 874 2164 995 2229; x_wconf 82' lang='lat' dir='ltr'>utaiios</span> 
     </span>
     <span class='ocr_line' id='line_1_22' title="bbox 164 2245 994 2328; baseline 0 -15"><span class='ocrx_word' id='word_1_123' title='bbox 164 2252 254 2313; x_wconf 87' lang='lat' dir='ltr'>abiis</span> <span class='ocrx_word' id='word_1_124' title='bbox 274 2262 446 2322; x_wconf 85' lang='lat' dir='ltr'>revocaret;</span> <span class='ocrx_word' id='word_1_125' title='bbox 469 2265 532 2328; x_wconf 90' lang='lat' dir='ltr'>qua</span> <span class='ocrx_word' id='word_1_126' title='bbox 547 2245 578 2306; x_wconf 93' lang='lat' dir='ltr'>in</span> <span class='ocrx_word' id='word_1_127' title='bbox 593 2265 636 2320; x_wconf 91' lang='lat' dir='ltr'>re,</span> <span class='ocrx_word' id='word_1_128' title='bbox 661 2247 670 2274; x_wconf 89' lang='lat'><em>¹</em></span> <span class='ocrx_word' id='word_1_129' title='bbox 688 2264 833 2307; x_wconf 86' lang='lat' dir='ltr'>unacum</span> <span class='ocrx_word' id='word_1_130' title='bbox 858 2248 994 2312; x_wconf 85' lang='lat' dir='ltr'>maximo</span> 
     </span>
     <span class='ocr_line' id='line_1_23' title="bbox 162 2325 994 2410; baseline 0 -12"><span class='ocrx_word' id='word_1_131' title='bbox 162 2333 307 2406; x_wconf 84' lang='lat' dir='ltr'>candore,</span> <span class='ocrx_word' id='word_1_132' title='bbox 329 2330 446 2394; x_wconf 88' lang='lat' dir='ltr'>summa</span> <span class='ocrx_word' id='word_1_133' title='bbox 468 2328 628 2410; x_wconf 88' lang='lat' dir='ltr'>prudentia</span> <span class='ocrx_word' id='word_1_134' title='bbox 653 2325 742 2389; x_wconf 81' lang='lat' dir='ltr'>simul</span> <span class='ocrx_word' id='word_1_135' title='bbox 768 2348 804 2390; x_wconf 87' lang='lat' dir='ltr'>ac</span> <span class='ocrx_word' id='word_1_136' title='bbox 823 2328 994 2397; x_wconf 82' lang='lat' dir='ltr'>constantia</span> 
     </span>
     <span class='ocr_line' id='line_1_24' title="bbox 161 2409 993 2490; baseline 0.001 -12"><span class='ocrx_word' id='word_1_137' title='bbox 161 2415 254 2480; x_wconf 72' lang='lat' dir='ltr'>essent</span> <span class='ocrx_word' id='word_1_138' title='bbox 268 2413 466 2490; x_wconf 70' lang='lat' dir='ltr'>adhibenda,</span> <span class='ocrx_word' id='word_1_139' title='bbox 488 2433 527 2474; x_wconf 89' lang='lat' dir='ltr'>ne</span> <span class='ocrx_word' id='word_1_140' title='bbox 541 2412 680 2474; x_wconf 81' lang='lat' dir='ltr'>homines</span> <span class='ocrx_word' id='word_1_141' title='bbox 700 2409 762 2474; x_wconf 82' lang='lat' dir='ltr'>sine</span> <span class='ocrx_word' id='word_1_142' title='bbox 777 2411 879 2476; x_wconf 64' lang='lat' dir='ltr'>fructu</span> <span class='ocrx_word' id='word_1_143' title='bbox 892 2414 993 2480; x_wconf 87' lang='lat' dir='ltr'>offen·</span> 
     </span>
     <span class='ocr_line' id='line_1_25' title="bbox 160 2494 993 2575; baseline -0.002 -11"><span class='ocrx_word' id='word_1_144' title='bbox 160 2503 315 2575; x_wconf 77' lang='lat' dir='ltr'>deteritur,</span> <span class='ocrx_word' id='word_1_145' title='bbox 330 2513 381 2560; x_wconf 86' lang='lat' dir='ltr'>aut</span> <span class='ocrx_word' id='word_1_146' title='bbox 394 2498 485 2560; x_wconf 88' lang='lat' dir='ltr'>nimis</span> <span class='ocrx_word' id='word_1_147' title='bbox 496 2497 560 2558; x_wconf 90' lang='lat' dir='ltr'>cito</span> <span class='ocrx_word' id='word_1_148' title='bbox 573 2497 610 2557; x_wconf 91' lang='lat' dir='ltr'>de</span> <span class='ocrx_word' id='word_1_149' title='bbox 621 2497 657 2558; x_wconf 79' lang='lat' dir='ltr'>iis</span> <span class='ocrx_word' id='word_1_150' title='bbox 667 2494 704 2557; x_wconf 90' lang='lat' dir='ltr'>ad</span> <span class='ocrx_word' id='word_1_151' title='bbox 717 2495 874 2560; x_wconf 80' lang='lat' dir='ltr'>veritatem</span> <span class='ocrx_word' id='word_1_152' title='bbox 886 2500 993 2563; x_wconf 88' lang='lat' dir='ltr'>mode·</span> 
     </span>
     <span class='ocr_line' id='line_1_26' title="bbox 160 2573 993 2664; baseline 0 -15"><span class='ocrx_word' id='word_1_153' title='bbox 160 2588 347 2650; x_wconf 81' lang='lat' dir='ltr'>rationemve</span> <span class='ocrx_word' id='word_1_154' title='bbox 361 2581 545 2644; x_wconf 87' lang='lat' dir='ltr'>adducendis</span> <span class='ocrx_word' id='word_1_155' title='bbox 561 2580 622 2660; x_wconf 76' lang='lat' dir='ltr'>sper</span> <span class='ocrx_word' id='word_1_156' title='bbox 638 2573 826 2664; x_wconf 74' lang='lat' dir='ltr'>abjiceretur.</span> <span class='ocrx_word' id='word_1_157' title='bbox 871 2578 993 2649; x_wconf 78' lang='lat' dir='ltr'>Interea</span> 
     </span>
     <span class='ocr_line' id='line_1_27' title="bbox 160 2662 992 2753; baseline -0.006 -21"><span class='ocrx_word' id='word_1_158' title='bbox 160 2671 324 2753; x_wconf 83' lang='lat' dir='ltr'>prudenter</span> <span class='ocrx_word' id='word_1_159' title='bbox 352 2666 382 2728; x_wconf 78' lang='lat' dir='ltr'>dr</span> <span class='ocrx_word' id='word_1_160' title='bbox 397 2663 527 2728; x_wconf 87' lang='lat' dir='ltr'>modeste</span> <span class='ocrx_word' id='word_1_161' title='bbox 554 2662 623 2726; x_wconf 82' lang='lat' dir='ltr'>effer</span> <span class='ocrx_word' id='word_1_162' title='bbox 638 2665 800 2726; x_wconf 88' lang='lat' dir='ltr'>dicendum</span> <span class='ocrx_word' id='word_1_163' title='bbox 825 2665 909 2747; x_wconf 90' lang='lat' dir='ltr'>quod</span> <span class='ocrx_word' id='word_1_164' title='bbox 939 2689 992 2749; x_wconf 87' lang='lat' dir='ltr'>pro</span> 
     </span>
     <span class='ocr_line' id='line_1_28' title="bbox 160 2745 991 2830; baseline -0.004 -12"><span class='ocrx_word' id='word_1_165' title='bbox 160 2753 413 2826; x_wconf 86' lang='lat' dir='ltr'>verohaberetur,</span> <span class='ocrx_word' id='word_1_166' title='bbox 436 2745 693 2811; x_wconf 80' lang='lat' dir='ltr'>necdamnandua</span> <span class='ocrx_word' id='word_1_167' title='bbox 715 2745 875 2830; x_wconf 90' lang='lat' dir='ltr'>quisquam</span> <span class='ocrx_word' id='word_1_168' title='bbox 900 2750 991 2829; x_wconf 90' lang='lat' dir='ltr'>foret,</span> 
     </span>
     <span class='ocr_line' id='line_1_29' title="bbox 158 2830 991 2916; baseline -0.002 -14"><span class='ocrx_word' id='word_1_169' title='bbox 158 2858 198 2901; x_wconf 88' lang='lat' dir='ltr'>ex</span> <span class='ocrx_word' id='word_1_170' title='bbox 212 2839 312 2902; x_wconf 85' lang='lat' dir='ltr'>alieno</span> <span class='ocrx_word' id='word_1_171' title='bbox 327 2835 460 2905; x_wconf 84' lang='lat' dir='ltr'>arbitrio,</span> <span class='ocrx_word' id='word_1_172' title='bbox 481 2830 563 2915; x_wconf 81' lang='lat' dir='ltr'>quasi</span> <span class='ocrx_word' id='word_1_173' title='bbox 574 2852 673 2895; x_wconf 87' lang='lat' dir='ltr'>errore</span> <span class='ocrx_word' id='word_1_174' title='bbox 685 2830 825 2909; x_wconf 66' lang='lat' dir='ltr'>infectus,</span> <span class='ocrx_word' id='word_1_175' title='bbox 839 2836 895 2916; x_wconf 90' lang='lat' dir='ltr'>qui</span> <span class='ocrx_word' id='word_1_176' title='bbox 908 2837 991 2902; x_wconf 74' lang='lat' dir='ltr'>redie</span> 
     </span>
    </p>
   </div>
   <div class='ocr_carea' id='block_1_3' title="bbox 146 3000 990 3512">
    <p class='ocr_par' dir='ltr' id='par_1_4' title="bbox 153 3000 990 3383">
     <span class='ocr_line' id='line_1_30' title="bbox 192 3000 990 3065; baseline -0.001 -11"><span class='ocrx_word' id='word_1_177' title='bbox 192 3022 202 3054; x_wconf 85' lang='lat' dir='ltr'>r</span> <span class='ocrx_word' id='word_1_178' title='bbox 221 3006 270 3053; x_wconf 83' lang='lat' dir='ltr'>Una</span> <span class='ocrx_word' id='word_1_179' title='bbox 287 3020 333 3054; x_wconf 79' lang='lat' dir='ltr'>cam</span> <span class='ocrx_word' id='word_1_180' title='bbox 352 3004 440 3051; x_wconf 59' lang='lat' dir='ltr'>maximo</span> <span class='ocrx_word' id='word_1_181' title='bbox 460 3000 554 3061; x_wconf 79' lang='lat' dir='ltr'>caudore,</span> <span class='ocrx_word' id='word_1_182' title='bbox 571 3001 614 3050; x_wconf 81' lang='lat' dir='ltr'>·fic</span> <span class='ocrx_word' id='word_1_183' title='bbox 626 3003 744 3063; x_wconf 77' lang='lat' dir='ltr'>pmdeotea</span> <span class='ocrx_word' id='word_1_184' title='bbox 761 3013 791 3046; x_wconf 86' lang='lat' dir='ltr'>ne</span> <span class='ocrx_word' id='word_1_185' title='bbox 808 3001 886 3065; x_wconf 73' lang='lat' dir='ltr'>callidi</span> <span class='ocrx_word' id='word_1_186' title='bbox 896 3002 990 3064; x_wconf 76' lang='lat' dir='ltr'>firmor,</span> 
     </span>
     <span class='ocr_line' id='line_1_31' title="bbox 155 3063 989 3143; baseline 0 -28"><span class='ocrx_word' id='word_1_187' title='bbox 155 3065 215 3128; x_wconf 75' lang='lat' dir='ltr'>dre]</span> <span class='ocrx_word' id='word_1_188' title='bbox 249 3068 296 3116; x_wconf 80' lang='lat' dir='ltr'>Hic</span> <span class='ocrx_word' id='word_1_189' title='bbox 315 3069 378 3117; x_wconf 68' lang='lat' dir='ltr'>loeus</span> <span class='ocrx_word' id='word_1_190' title='bbox 397 3067 428 3114; x_wconf 79' lang='lat' dir='ltr'>eir</span> <span class='ocrx_word' id='word_1_191' title='bbox 443 3075 554 3128; x_wconf 61' lang='lat' dir='ltr'>precepto</span> <span class='ocrx_word' id='word_1_192' title='bbox 584 3063 911 3124; x_wconf 74' lang='lat' dir='ltr'>aincmuorem.peoeemuu</span> <span class='ocrx_word' id='word_1_193' title='bbox 938 3069 989 3143; x_wconf 72' lang='lat' dir='ltr'>Qu</span> 
     </span>
     <span class='ocr_line' id='line_1_32' title="bbox 154 3125 988 3191; baseline -0.002 -11"><span class='ocrx_word' id='word_1_194' title='bbox 154 3132 241 3181; x_wconf 82' lang='lat' dir='ltr'>Christi</span> <span class='ocrx_word' id='word_1_195' title='bbox 253 3131 340 3178; x_wconf 80' lang='lat' dir='ltr'>March.</span> <span class='ocrx_word' id='word_1_196' title='bbox 351 3149 372 3179; x_wconf 84' lang='lat' dir='ltr'>x.</span> <span class='ocrx_word' id='word_1_197' title='bbox 388 3129 425 3178; x_wconf 87' lang='lat'>16.</span> <span class='ocrx_word' id='word_1_198' title='bbox 435 3146 479 3190; x_wconf 86' lang='lat' dir='ltr'>quo</span> <span class='ocrx_word' id='word_1_199' title='bbox 487 3130 554 3190; x_wconf 82' lang='lat' dir='ltr'>jube·</span> <span class='ocrx_word' id='word_1_200' title='bbox 585 3129 610 3177; x_wconf 85' lang='lat' dir='ltr'>in</span> <span class='ocrx_word' id='word_1_201' title='bbox 621 3144 644 3175; x_wconf 84' lang='lat' dir='ltr'>re</span> <span class='ocrx_word' id='word_1_202' title='bbox 652 3125 718 3190; x_wconf 73' lang='lat' dir='ltr'>pauci</span> <span class='ocrx_word' id='word_1_203' title='bbox 728 3127 787 3184; x_wconf 84' lang='lat' dir='ltr'>sunt,</span> <span class='ocrx_word' id='word_1_204' title='bbox 805 3127 843 3186; x_wconf 86' lang='lat' dir='ltr'>qui</span> <span class='ocrx_word' id='word_1_205' title='bbox 854 3145 893 3191; x_wconf 83' lang='lat' dir='ltr'>per</span> <span class='ocrx_word' id='word_1_206' title='bbox 907 3146 988 3179; x_wconf 83' lang='lat' dir='ltr'>omma</span> 
     </span>
     <span class='ocr_line' id='line_1_33' title="bbox 155 3189 988 3303; baseline 0.001 -61"><span class='ocrx_word' id='word_1_207' title='bbox 155 3211 208 3252; x_wconf 75' lang='lat' dir='ltr'>mur</span> <span class='ocrx_word' id='word_1_208' title='bbox 223 3194 333 3259; x_wconf 76' lang='lat' dir='ltr'>prudenter</span> <span class='ocrx_word' id='word_1_209' title='bbox 345 3194 380 3257; x_wconf 75' lang='lat' dir='ltr'>effi</span> <span class='ocrx_word' id='word_1_210' title='bbox 391 3191 552 3303; x_wconf 46' lang='lat' dir='ltr'>Mamm·</span> <span class='ocrx_word' id='word_1_211' title='bbox 584 3191 685 3240; x_wconf 81' lang='lat' dir='ltr'>medium</span> <span class='ocrx_word' id='word_1_212' title='bbox 702 3189 764 3237; x_wconf 86' lang='lat' dir='ltr'>inter</span> <span class='ocrx_word' id='word_1_213' title='bbox 773 3191 884 3251; x_wconf 82' lang='lat' dir='ltr'>oppodtoa</span> <span class='ocrx_word' id='word_1_214' title='bbox 899 3193 988 3257; x_wconf 82' lang='lat' dir='ltr'>impru-</span> 
     </span>
     <span class='ocr_line' id='line_1_34' title="bbox 153 3251 989 3322; baseline -0.004 -17"><span class='ocrx_word' id='word_1_215' title='bbox 153 3258 440 3322; x_wconf 77' lang='lat' dir='ltr'>rium,fimpliccainflarcoiu</span> <span class='ocrx_word' id='word_1_216' title='bbox 473 3273 550 3316; x_wconf 70' lang='lat' dir='ltr'>araur,</span> <span class='ocrx_word' id='word_1_217' title='bbox 583 3256 668 3304; x_wconf 78' lang='lat' dir='ltr'>dentiae</span> <span class='ocrx_word' id='word_1_218' title='bbox 693 3257 716 3300; x_wconf 80' lang='lat' dir='ltr'>dr</span> <span class='ocrx_word' id='word_1_219' title='bbox 735 3251 865 3303; x_wconf 82' lang='lat' dir='ltr'>ealliditatia</span> <span class='ocrx_word' id='word_1_220' title='bbox 885 3258 989 3322; x_wconf 70' lang='lat' dir='ltr'>scopulo·</span> 
     </span>
     <span class='ocr_line' id='line_1_35' title="bbox 153 3316 855 3383; baseline -0.003 -12"><span class='ocrx_word' id='word_1_221' title='bbox 153 3327 197 3372; x_wconf 83' lang='lat' dir='ltr'>hoc</span> <span class='ocrx_word' id='word_1_222' title='bbox 217 3325 256 3381; x_wconf 84' lang='lat' dir='ltr'>est,</span> <span class='ocrx_word' id='word_1_223' title='bbox 278 3321 311 3370; x_wconf 88' lang='lat' dir='ltr'>ita</span> <span class='ocrx_word' id='word_1_224' title='bbox 327 3321 438 3383; x_wconf 72' lang='lat' dir='ltr'>[implicer</span> <span class='ocrx_word' id='word_1_225' title='bbox 448 3319 500 3379; x_wconf 83' lang='lat' dir='ltr'>effe,</span> <span class='ocrx_word' id='word_1_226' title='bbox 522 3334 553 3367; x_wconf 89' lang='lat' dir='ltr'>ne</span> <span class='ocrx_word' id='word_1_227' title='bbox 583 3316 759 3371; x_wconf 72' lang='lat' dir='ltr'>cursumtenere</span> <span class='ocrx_word' id='word_1_228' title='bbox 769 3316 855 3370; x_wconf 82' lang='lat' dir='ltr'>norint.</span> 
     </span>
    </p>

    <p class='ocr_par' dir='ltr' id='par_1_5' title="bbox 146 3383 938 3512">
     <span class='ocr_line' id='line_1_36' title="bbox 146 3383 938 3512; baseline -0.005 -76"><span class='ocrx_word' id='word_1_229' title='bbox 146 3387 180 3436; x_wconf 81' lang='lat' dir='ltr'>-ia</span> <span class='ocrx_word' id='word_1_230' title='bbox 204 3383 380 3451; x_wconf 78' lang='lat' dir='ltr'>imprudentiam</span> <span class='ocrx_word' id='word_1_231' title='bbox 405 3385 554 3446; x_wconf 67' lang='lat' dir='ltr'>tutamur,</span> <span class='ocrx_word' id='word_1_232' title='bbox 920 3445 938 3512; x_wconf 69' lang='lat' dir='ltr'>s</span> 
     </span>
    </p>
   </div>
   <div class='ocr_carea' id='block_1_4' title="bbox 0 0 1130 4132">
    <p class='ocr_par' dir='ltr' id='par_1_6' title="bbox 0 0 1130 4132">
     <span class='ocr_line' id='line_1_37' title="bbox 0 0 1130 4132; baseline 0 4"><span class='ocrx_word' id='word_1_233' title='bbox 0 0 1130 4132; x_wconf 95' lang='lat' dir='ltr'> </span> 
     </span>
    </p>
   </div>
  </div>
 </body>
</html>
