2250 4132
146 243 221 331 '298
268 240 301 325 J.
325 239 482 308 ennea
507 257 657 305 couunn
678 219 877 304 Ianum.

156 383 269 467 gionis,
292 384 323 444 in
338 381 518 444 Proceiibus
534 379 708 464 praesertim,
729 378 816 441 fuille
845 361 990 444 mutati&

104 526 107 531 .
156 489 233 531 num
250 484 311 530 tam
327 469 531 549 frequentium
547 466 648 528 caulae
663 464 839 545 potiffimas.

157 636 176 722 §
192 634 250 700 Ill.
268 634 487 720 indifferentiam
501 633 653 717 Religionis
671 631 719 717 effi
731 646 837 695 natura
854 633 912 718 fita
926 632 986 699 illi-

197 723 295 792 titane·
328 722 428 801 iegibus
449 719 554 785 divinis
574 718 668 779 velari
697 733 779 802 atque
803 720 841 780 ab
865 719 985 782 omnibus

198 807 419 892 Chrplianorum
433 804 517 868 Sedis
530 804 670 867 damnari.

194 952 429 1017 Rnumounne
453 955 560 1015 habere
589 971 716 1014 numero
738 970 844 1013 earum
866 969 982 1021 rerum,

155 1061 225 1121 quae
238 1043 344 1101 mediae
361 1040 427 1100 lunt
442 1056 569 1111 naturae,
593 1038 634 1098 ita
649 1050 681 1097 ut
696 1057 764 1097 eam
781 1052 912 1110 mutare,
934 1036 981 1097 in·

153 1123 210 1185 star
225 1122 362 1197 vestium,
386 1138 438 1185 aut
453 1141 533 1184 certe
557 1119 733 1203 profiteri&
760 1140 836 1181 mox
859 1139 980 1201 negare,

152 1224 243 1288 prout
257 1225 391 1289 tempora
416 1208 555 1288 poscunt,
577 1207 677 1280 liceat,
699 1207 906 1287 grauiffimum
932 1225 978 1263 er·

151 1312 254 1355 rorum
263 1292 319 1354 elle
332 1292 437 1355 multae
449 1293 576 1353 rationes
589 1288 764 1361 ostendum
780 1309 912 1369 quarum
925 1287 978 1347 ali·

152 1392 230 1459 quot
246 1375 263 1440 ὲ
278 1379 435 1458 praecipuis
452 1377 650 1456 proferemus,
674 1374 815 1435 deduelas
842 1370 859 1433 ὲ
876 1389 979 1435 natura

151 1464 207 1540 rei,
229 1460 246 1524 ὲ
274 1461 392 1545 legibus
420 1462 543 1533 divinis,
565 1479 641 1541 eque
669 1459 810 1520 omnium
823 1455 979 1521 Gentium

151 1542 391 1629 Christianarum
408 1545 537 1608 consens
556 1591 564 1607 .

194 1629 330 1693 Primum
342 1648 427 1710 turpe
438 1628 479 1690 est
494 1629 623 1702 mentiri,
638 1629 668 1688 in
679 1647 711 1688 re
722 1627 887 1708 presertim
902 1625 979 1687 nnn

151 1717 312 1789 momenti,
335 1737 405 1776 cum
433 1734 471 1775 ne
496 1716 527 1775 in
547 1714 708 1774 levioribus
724 1712 848 1793 quidem
875 1713 977 1783 liceat,

150 1797 204 1860 nisa
221 1801 296 1863 forte
307 1799 465 1861 mendacio
481 1799 548 1874 plus
565 1796 720 1880 prosimus,
736 1816 827 1877 quam
842 1802 977 1860 veritate.

150 1882 206 1945 sed
223 1883 254 1944 in
271 1887 327 1945 hoe
343 1885 467 1965 negotio
489 1902 551 1944 non
566 1880 686 1963 pofl'unt
701 1883 838 1942 homines
856 1881 977 1944 mentiri

151 1968 320 2028 autetiam
347 1967 537 2042 diffiinulare‚
571 1965 631 2031 sane
653 1967 734 2049 gravi
761 1986 861 2037 noxa;
895 1988 976 2038 cum,

149 2054 248 2134 quoad
260 2052 300 2114 est
314 2056 346 2115 in
360 2054 417 2113 illis
429 2051 482 2113 sun
489 2074 529 2124 m,
540 2049 739 2111 Mendacium
754 2052 784 2111 in
800 2053 976 2112 semanima

149 2137 332 2199 confirment
347 2138 376 2200 dc
394 2135 558 2197 Veritatem
571 2137 597 2196 ei
610 2137 791 2196 contrariam
803 2137 977 2215 opprimant

148 2239 240 2302 atque
256 2224 374 2282 aeternis
391 2223 520 2284 tenebris
535 2223 689 2281 damnent.
731 2219 847 2281 Pelhmi
864 2220 907 2282 est
923 2243 975 2283 ex-

147 2305 251 2384 empli,
273 2307 432 2384 praesertim
451 2305 480 2365 in
503 2306 572 2365 uitis
588 2306 622 2364 ad
638 2304 769 2386 aliquam
793 2305 976 2386 dignitatem

147 2390 273 2463 euedlis,
286 2411 361 2470 quoa
376 2390 527 2450 iufeaioiis·
536 2388 619 2450 sortis
632 2389 766 2448 homines
781 2390 870 2450 niinis
888 2392 975 2452 facile

146 2472 329 2546 imitantur;
350 2473 517 2554 quomodo
533 2470 568 2534 fit
585 2489 618 2533 ut
640 2494 704 2533 non
719 2472 814 2533 solum
833 2475 885 2555 ipsa
903 2499 975 2557 pec.

145 2573 229 2628 cent,
243 2559 287 2619 sed
305 2558 396 2618 etiam
413 2559 486 2618 alios
502 2558 536 2617 ad
551 2554 736 2637 peccandum
753 2559 907 2622 adducant
922 2585 974 2624 ex·

76 2687 77 2690 ,
144 2643 258 2723 emplo,
282 2664 345 2724 quo
361 2643 435 2704 nihil
451 2641 492 2703 est
512 2641 589 2720 apud
608 2644 766 2702 hominum
783 2646 895 2727 uulgus
911 2649 975 2709 effi·

145 2730 246 2788 cuius
255 2752 264 2800 3
281 2727 350 2808 quia
363 2727 460 2788 multo
473 2727 567 2808 magis
584 2727 611 2786 id
624 2727 704 2808 quod
718 2728 834 2789 faciunt
848 2731 880 2805 ii,
897 2754 975 2813 quoe

144 2811 261 2873 summo
276 2813 390 2873 honore
406 2813 635 2894 prosequuntur,
643 2804 741 2893 -quani
753 2814 835 2894 quod
849 2816 972 2895 dicunt,

75 2906 78 2910 ’
141 2896 316 2957 adtendant.

85 2998 88 3005 ·
186 2979 296 3060 Turpe
311 2979 399 3041 etiarn
410 2977 451 3040 est
466 2978 569 3042 &viro
581 2980 650 3043 forti
666 2981 973 3065 prorsusindignum,

140 3078 263 3147 propter
280 3063 399 3125 brevem
414 3065 530 3125 hancce
549 3066 653 3135 vitam.
675 3067 807 3140 mentiri,
832 3067 972 3132 &malle

141 3146 225 3223 Deo,
249 3169 339 3229 quam
356 3149 532 3210 homiuibus
550 3148 719 3228 displicere.
740 3149 875 3231 Ideoque
892 3175 972 3232 prae-

140 3231 295 3294 stantiores
310 3229 485 3312 Philosophi
508 3232 680 3296 maluerunt
700 3251 789 3296 cenae
803 3238 894 3299 motti
913 3240 973 3301 sese

138 3337 302 3402 exponere,
324 3334 415 3400 quam
431 3319 513 3401 quod
529 3316 561 3383 N
565 3319 673 3398 nmini,
692 3335 725 3383 ut
739 3322 897 3404 putabant,
911 3323 970 3386 dis-
