2250 4132
99 384 175 461 304
224 366 433 454 J.Cuan1c1
456 380 608 429 con-rna
630 360 822 427 iunium.

108 498 252 583 probant,
274 496 412 559 homines
427 490 553 557 Divinae
581 491 734 574 sapientia
758 492 788 554 δι
806 488 951 573 Boninti¹

109 581 318 669 dijudicandos
329 582 497 661 permittere
511 602 520 650 3
544 578 616 637 dum
631 578 664 637 iis
677 579 880 656 opinionibus
891 577 942 638 ad·

110 666 225 741 sentiri,
247 680 299 728 aut
316 663 414 726 cultui
430 658 522 724 adeffe
536 660 588 723 sibi
602 682 665 724 non
679 661 773 723 liceie
787 682 844 743 pro
860 677 944 724 certo

111 752 236 815 habent.

156 835 238 898 Hinc
253 846 333 895 terte
348 827 719 914 nemocolligat-homini,
742 829 776 890 in
790 829 945 894 contraria

113 919 260 984 sententia
274 917 413 990 educato,
438 936 472 977 ac
491 915 625 999 legendis
641 914 727 974 sacris
742 914 843 989 liuns,
862 935 946 977 mure

113 1025 218 1067 eorum
234 1001 286 1084 qui
304 997 489 1074 secesseiunt,
508 1000 692 1071 exercitum
713 996 944 1061 siconnacon·

113 1087 267 1152 scientiam
287 1086 370 1157 suam
396 1103 430 1144 ea
453 1084 554 1152 iaciat,
577 1099 631 1145 aut
655 1085 745 1150 dicat.
768 1104 842 1164 quae
859 1096 948 1159 putat

114 1169 170 1234 eise
181 1171 287 1234 illicita
298 1167 328 1231 δι
340 1168 421 1243 falia,
443 1169 602 1229 dumtaxat
616 1166 655 1228 ob
669 1166 763 1250 hujus
774 1171 847 1227 vitae
858 1188 943 1229 corn·

115 1259 216 1328 moda,
240 1252 329 1314 licere
344 1254 462 1313 veniam
489 1248 591 1312 aDeo
606 1251 734 1328 sperare3
758 1248 782 1312 si
799 1255 949 1312 moriatur

114 1341 147 1403 in
158 1338 260 1399 babitu
273 1336 441 1398 faciendi&
453 1334 586 1410 dicendi,
603 1333 682 1416 quod
696 1332 755 1415 ipse
767 1336 919 1415 improbat
931 1360 943 1410 ς

115 1423 249 1486 &iuius
277 1420 367 1482 eiiam
398 1441 433 1482 ac
457 1417 647 1492 dieiurusdi
675 1417 789 1487 diuiiue
821 1419 942 1480 viveret.

115 1506 213 1570 Nulla
225 1505 278 1576 est,
301 1524 357 1565 nec
368 1508 437 1580 erit,·
462 1519 495 1565 ut
508 1503 619 1584 sperare
632 1504 714 1577 iicet,
731 1501 860 1578 familia,
876 1523 947 1584 quae

116 1592 154 1653 de
169 1589 282 1654 Christi
297 1589 419 1651 nomine
445 1587 612 1664 censeatur,
635 1586 652 1649 i
665 1607 724 1669 qua
740 1587 786 1649 vir
799 1587 945 1671 ejusmodi

111 1676 243 1753 ‚salutem
257 1674 395 1755 consequi
413 1670 490 1753 puise
502 1672 665 1734 censeatur.

160 1757 293 1821 Videant
307 1778 380 1841 ergo
402 1756 585 1818 simulatores
601 1757 672 1837 quid
689 1769 794 1839 agant,
818 1776 889 1818 cum
906 1756 945 1818 ita

118 1844 147 1907 se
162 1859 284 1926 gerunt,
307 1858 340 1900 ut
364 1838 515 1914 Rationis,
538 1838 806 1922 Revelationisque
830 1842 945 1904 lumina

119 1942 179 1990 tarn
190 1927 316 2006 turpiter
328 1925 481 2003 spernam
499 1941 531 1986 ut
541 1924 576 1986 iis
588 1944 753 2007 repugnare
767 1922 946 2000 sustineant,

118 2027 212 2092 utque
229 2006 470 2071 Christianorum
498 2009 649 2082 omnium,
672 2009 862 2092 quicumque
877 2007 947 2086 sint,

116 2095 267 2182 judicium
284 2093 359 2154 nihii
376 2094 501 2155 iaciant.
546 2092 613 2154 Nec
629 2094 797 2174 putandum
811 2093 855 2156 est
867 2094 945 2179 ejus·

94 2206 102 2217 “
120 2180 203 2242 modi
220 2179 356 2242 homines
371 2176 425 2240 effe
442 2178 587 2251 eruditos,
609 2197 734 2258 temque
750 2178 844 2257 probe
859 2180 901 2240 eis
918 2178 947 2242 &

120 2281 238 2328 mature
252 2262 411 2344 expensam
427 2259 520 2322 fuiiie.
554 2260 634 2323 Sunt
649 2262 947 2341 spetoreseruditio·

120 2351 168 2414 nis
184 2349 284 2409 omnis
306 2346 515 2430 Tneologicae,
539 2366 595 2407 nec
619 2368 683 2406 eam
707 2367 854 2428 umquam
871 2349 948 2409 adti-

121 2446 242 2518 gerunt,
266 2430 327 2492 fine
348 2452 408 2511 qua
424 2429 541 2490 nullum
564 2430 839 2506 reuumjudicium
856 2431 893 2495 de
917 2453 949 2494 re

120 2517 300 2579 e'uscemodi
312 2515 379 2575 feni
392 2512 495 2594 potest.
512 2512 589 2575 Mon
603 2516 701 2580 minus
714 2515 849 2577 nobilem
863 2516 945 2578 iilam

120 2541 357 2679 iinilosopniam,
379 2619 473 2680 quam
489 2600 564 2660 tanti
576 2599 710 2658 iecerunt
722 2597 857 2662 Rotnani
872 2601 948 2663 olim

122 2684 273 2753 Proceres,
296 2681 428 2744 haustam
441 2683 552 2763 quippe
563 2681 579 2742 ὲ
590 2682 703 2744 iumine
715 2681 857 2757 Natum,
872 2686 949 2765 spere

122 2786 222 2839 nunt;
245 2770 317 2850 quia
328 2766 492 2828 adieCiibus
502 2767 670 2848 indulgere,
692 2768 772 2853 quod
791 2789 828 2830 ne
842 2768 949 2831 Philo.

123 2853 234 2934 sophiae
249 2854 369 2935 quidem
384 2850 526 2914 Ethnicae
541 2852 696 2932 probatur,
718 2855 857 2931 cupiunt.
896 2851 949 2917 De

124 2940 342 3021 praeteritorum
356 2935 663 3022 saeculorumjudiciis
680 2936 785 3013 securi,
804 2938 951 3005 hodierna

124 3024 228 3085 omnia
244 3020 425 3102 spernentes,
448 3021 543 3100 deque
559 3021 660 3082 futuro
674 3041 740 3084 aevo
763 3041 826 3083 non
841 3024 947 3084 admo·

125 3107 198 3168 dum
214 3107 307 3176 anxii,
331 3103 485 3170 similiores
498 3105 566 3168 sunt
580 3104 757 3184 pecudibus,
773 3125 867 3186 quam
890 3107 946 3169 hu«

124 3189 259 3254 minibus
276 3187 405 3254 Ratione
419 3189 563 3272 praeditis,
578 3209 639 3270 qua
653 3209 714 3250 non
728 3205 867 3257 utuntur.
880 3189 951 3272 Qai

125 3274 168 3341 ita
181 3272 305 3358 fingunt
320 3295 354 3336 ac
366 3275 566 3349 mentiuntur,
589 3290 623 3335 ut
635 3274 764 3349 iaciunt,
785 3273 873 3335 nulio
888 3296 949 3336 nu·

124 3359 361 3448 mero,lucoque
372 3359 474 3428 habui
482 3356 627 3444 postuma
647 3371 738 3447 atque
747 3357 866 3442 indigni
880 3358 953 3509 (put

836 3464 891 3532 qul
915 3462 954 3512 ut
