2250 4132
180 212 240 296 196
326 208 890 287 munemusnevuure.

174 336 284 398 amoris
307 336 401 399 divini
418 339 502 399 inse.
533 339 658 420 Neque
676 337 777 401 Moses
793 341 927 416 socerum
943 337 992 421 Je-

173 421 315 481 tbronem
331 422 365 481 ad
383 424 437 482 bos
453 423 528 484 ritus
542 422 740 503 suscipiendos
754 420 930 485 adhortatus
944 423 995 499 elit

172 524 274 584 neque
288 502 383 584 Jonas
395 505 577 580 Ninevitas3
600 528 657 568 nec
672 508 722 568 alii
733 505 892 589 Prophetae
903 508 993 570 Chal·

171 587 268 664 daeos,
302 588 480 672 AEgyptios,
505 587 658 660 Sidonios,
680 590 809 674 Tyrios,
832 590 994 662 Idumaeos,

171 668 343 746 Moabitas,
355 675 390 734 ad
402 695 478 757 quos
493 673 640 743 scribunt,
650 675 689 735 ob
704 694 754 736 eos
768 696 831 736 non
849 675 996 756 susceptor

171 757 408 837 reprehendunt,
430 779 500 820 cum
525 773 648 839 peccata
664 758 793 838 ipsorum
810 759 878 820 satis
893 759 997 821 exadle
1039 826 1042 832 ,

171 857 361 903 enumerent.
395 840 563 903 Peculiaria
573 863 645 925 ergo
658 858 743 904 erant
755 844 820 904 baec
834 861 998 924 praecepra,

173 921 253 986 'sive
268 925 303 986 ad
317 926 473 987 vitandum
490 925 612 1008 aliquod
630 927 755 999 malum,
772 927 897 1008 iuquod
912 928 997 1008 proni

168 1023 255 1071 erant
269 1006 382 1088 Judaei,
405 1008 464 1071 sive
487 1010 522 1071 ad
546 1012 786 1092 experimentum
801 1011 995 1083 obedientiae,

72 1088 76 1106 ¹
170 1091 228 1154 srve
243 1096 277 1154 ad
303 1114 402 1155 rerum
428 1094 597 1155 futurarum
623 1092 876 1177 significationem
899 1095 998 1158 intro·

134 1208 142 1217 ·
171 1176 274 1238 dueta.
320 1175 426 1258 Quare
441 1198 504 1239 nou
519 1179 613 1265 magis
628 1179 797 1239 mirandum
807 1178 861 1252 eli,
876 1199 914 1239 ea
928 1179 999 1242 abo·

170 1259 225 1325 leri
239 1259 376 1341 potuisse,
397 1281 489 1343 quam
506 1260 526 1325 sr
540 1266 609 1343 quis
621 1259 688 1322 Rex
703 1262 900 1341 municipalia
914 1285 998 1345 quae·

170 1343 366 1425 dam-statuta
381 1346 479 1415 tollat.
503 1361 537 1407 ut
553 1347 608 1408 toti
624 1346 749 1425 imperio
766 1348 819 1430 jus
841 1347 922 1409 idem
939 1347 999 1411 lla-

171 1442 250 1491 tuat.
293 1427 405 1510 Neque
419 1451 490 1492 vero
504 1430 671 1512 quidquam
686 1429 792 1492 adferri
807 1429 915 1512 potest,
936 1453 998 1513 quo

170 1514 326 1596 probetur,
343 1514 447 1576 Deum
463 1516 491 1575 se
502 1512 696 1589 adstrinxille,
714 1514 834 1597 nequid
847 1516 914 1599 ejus
929 1537 997 1579 mu·

170 1613 259 1660 taret.
304 1597 386 1659 Nam
400 1596 420 1660 st
432 1599 526 1674 dicas,
537 1612 686 1678 pracepta
698 1598 763 1660 haec
777 1601 878 1659 vocari
891 1620 999 1681 perper

171 1697 236 1757 tua,
254 1686 268 1712 ²
278 1681 380 1743 eadem
397 1702 472 1744 voce
488 1698 617 1743 utuntur
630 1683 704 1762 saepe
719 1681 912 1752 &homines,
925 1705 996 1746 cum

168 1764 337 1846 siguificare
352 1765 471 1843 volunt,
486 1787 555 1848 quae
568 1766 606 1828 ire
617 1767 742 1850 jubent,
755 1787 818 1827 non
831 1765 888 1828 elle
901 1789 995 1829 anna-

169 1847 222 1923 lia,
257 1851 334 1914 ³aut
358 1851 446 1911 certis
469 1850 665 1930 temporibus,
697 1863 770 1929 pura
795 1849 878 1925 belli,
901 1854 996 1931 pacis,

169 1952 249 1995 carae
264 1954 395 1996 annonae
406 1935 651 1998 accommodata:
675 1953 739 2016 quo
749 1947 852 1995 tamen
864 1934 995 1999 nonim-

170 2017 346 2099 pediuutur,
361 2039 422 2099 quo
435 2021 535 2080 minus
549 2039 641 2080 novas
653 2018 690 2079 de
704 2017 807 2079 iisdem
819 2019 907 2082 rebus
922 2041 998 2083 con·

169 2102 339 2166 stitutiones
354 2104 456 2179 edant,
472 2105 523 2166 ubi
541 2103 568 2164 id
585 2102 705 2182 publiea
719 2100 836 2164 utilitas
849 2106 996 2187 exegerit.
1024 2141 1028 2149 ·

170 2185 262 2254 Sic&
276 2186 336 2257 Dei
353 2203 501 2268 praecepta
514 2188 582 2249 data
596 2185 732 2248 Hebraeis
747 2185 805 2247 alia
819 2203 905 2250 erant
918 2205 997 2251 tem-

168 2271 298 2352 poraria,
320 2273 488 2352 ⁴quamdiu
507 2274 537 2332 in
550 2271 627 2352 'loeis
643 2269 763 2331 desertis
778 2287 880 2416 ageret
896 2293 997 2354 popu·

168 2353 229 2432 lus,
252 2359 262 2392 ⁵
276 2355 334 2418 alia
349 2352 486 2418 adstridia'
500 2354 681 2418 habitationi
692 2368 779 2418 terrae
821 2356 998 2421 banaoaeaea

202 2527 286 2575 lSive
302 2525 334 2574 ad
348 2524 460 2575 vitandum
479 2524 569 2587 aliquod
592 2523 805 2578 eiumlrbmxrv.
858 2534 927 2570 uerte
962 2542 997 2572 era

680 2522 686 2534 '
926 2536 961 2589 m

168 2592 253 2650 malum,
269 2593 291 2639 t'n
310 2589 366 2652 quod
379 2591 509 2652 prodierant
518 2590 566 2652 Ja-
597 2587 671 2651 eliqua
688 2586 799 2649 desiderant
818 2584 878 2650 leger,
894 2591 997 2647 mmalae,

167 2652 233 2717 dai]
262 2654 366 2702 Ritualee
384 2653 566 2712 supramodum,
599 2649 628 2697 δ’
636 2649 906 2715 temporiburipſsmrrtatar
916 2651 997 2700 video.-

165 2734 238 2781 eoque
259 2722 285 2765 ael
317 2714 466 2764 idololatriam
493 2715 566 2776 proni.
600 2730 649 2776 quae
660 2717 682 2760 in
689 2713 799 2776 pacelatae
803 2713 863 2776 sunt,
875 2714 998 2777 plerunque

167 2780 328 2892 Ostendqutid
339 2779 417 2890 lpaliliut
425 2779 563 2838 Prophettet
596 2776 671 2824 bellum
691 2777 798 2841 abrogat3
826 2793 875 2839 με
894 2780 917 2824 irt
938 2779 997 2839 belle,

166 2861 267 2894 maxime
299 2859 337 2892 aee
356 2857 376 2888 te
397 2857 450 2890 avr.
610 2857 648 2890 ex.

198 2908 309 2958 ararem
322 2921 374 2955 voce
389 2903 517 2953 utuntur&
527 2907 564 2952 bo·
592 2853 643 2961 p4
667 2903 777 2969 Qamdirr
805 2904 827 2949 irt
846 2902 895 2950 loeis
914 2903 999 2969 defertis

165 2967 260 3032 mines-J
277 2973 304 3020 L.
315 2973 365 3018 Hae
374 2969 473 3016 edictali.
505 2969 563 3018 Cod.
594 2962 776 3031 ageretpopulor]
791 2965 997 3018 Utllxodixme.

165 3039 193 3084 de
204 3037 313 3084 secundi·
324 3033 417 3094 nuptiir.
434 3033 462 3080 1..
476 3033 526 3079 liae
538 3032 562 3078 in
594 3031 665 3079 Deut.
676 3046 754 3079 xxm.
769 3043 808 3078 ra.

164 3111 307 3162 perpetuum.
345 3099 404 3146 cod·
425 3097 452 3144 de
473 3095 563 3144 diversit
628 3110 641 3156 5
667 3093 722 3144 Alia
743 3093 844 3156 adstrifla
869 3090 999 3143 habitationi

165 3161 263 3227 praedib,
280 3161 337 3210 libro
348 3175 388 3208 xr.
398 3165 420 3208 dr
431 3157 484 3208 alibi
495 3158 560 3221 saepe.
593 3153 814 3216 terracmam]
827 3159 860 3202 Ut
870 3157 932 3205 Deu.
943 3173 997 3207 xre.

134 3261 137 3266 -
160 3244 164 3249 ·
194 3244 212 3337 ἲ
227 3228 350 3304 Aut-certis
367 3222 494 3288 temporibus,
508 3235 563 3286 puta
596 3237 618 3279 r,
634 3236 673 3272 ao·
684 3237 747 3273 tarr·
761 3236 783 3274 r«
795 3220 884 3277 Numi.
895 3234 997 3274 mira.

160 3292 562 3419 llbff'tf‘ltdlllpll‘ll:
595 3300 634 3352 ⁵²·
681 3333 683 3337 ·

332 3431 386 3519 7¹
624 3456 628 3465 ‚
858 3458 861 3463 -
936 3412 998 3481 ,ab
