2250 4132
211 222 536 300 Rentorou'uar
573 235 737 299 L1ssna.
828 254 890 321 295
943 214 947 224 ’

54 363 160 427 venire
176 363 278 438 liceat,
303 363 492 426 libentislime
508 384 573 423 eam
597 363 750 424 iniremus.
796 361 891 423 Unde

54 449 172 512 saelum
187 466 219 508 ut
236 450 347 528 semper
361 450 473 509 inventi
488 445 545 509 sant
560 447 692 528 praeclari
709 448 776 517 viti,
791 447 818 509 δι
834 445 903 527 qui'

56 553 184 615 magnas
201 535 303 593 laudes
320 535 356 594 ab
372 534 514 594 omnibus
531 534 670 607 retulere,
687 534 739 612 qui
755 531 888 592 Veritati

55 618 249 698 inquirendae
263 631 358 676 totam
372 619 462 677 vitam
477 612 697 676 absutnserunt.
731 614 890 676 innumeri

55 702 194 774 suerunt,
209 703 336 782 suntque
346 702 510 762 etiamnum
526 703 624 773 hodie,
637 696 755 780 Physrci
767 700 795 762 δι
805 698 891 761 Geo-

55 801 172 860 metrae,
190 787 242 866 qui
258 785 576 846 laboresincredibiles
593 784 795 864 susceperunt,
808 783 889 845 utad

57 867 228 930 Veritatem
246 871 454 949 pervenirent;
483 889 540 930 nec
556 866 617 928 ulla
634 871 646 896 ²
666 870 779 952 majore
794 868 821 929 se
835 869 891 929 ad·

19 973 22 977 ·
38 950 155 1035 'scitos
171 956 327 1033 voluptate
343 954 495 1024 dixerunt,
513 973 603 1035 quarn
617 955 751 1030 cumdio
768 951 891 1014 investi·

34 1031 160 1121 ‘gattam
185 1039 213 1100 se
233 1037 355 1099 tandem
380 1035 522 1099 invenisse
540 1052 692 1114 putarunt.
739 1036 892 1119 Qrinimo
979 1113 983 1123 „

56 1125 138 1184 inter
158 1124 259 1183 'multa
283 1124 352 1197 alia,
385 1123 494 1203 quibus
523 1120 670 1183 Homines
697 1121 765 1183 sunt
788 1123 891 1184 Brutis

56 1207 235 1287 superiores,
257 1209 365 1268 merito
378 1206 523 1269 Veritatis
540 1227 672 1268 amorem
689 1207 718 1271 δι
734 1209 890 1291 cognitio-

55 1311 129 1355 nem
145 1312 352 1358 numeramus.

102 1373 219 1437 Verum
235 1398 307 1438 cum
323 1376 439 1459 quaeuis
466 1374 588 1437 Veritas
615 1396 678 1438 non
704 1374 739 1439 stt
762 1377 892 1461 ejusdem

56 1465 219 1535 momenti,
254 1465 410 1543 multaque
437 1461 603 1523 theoretica
628 1462 782 1545 dogmata,
821 1481 891 1525 vera

57 1544 143 1617 licet,
167 1546 372 1628 negligamus,
403 1546 483 1627 quod
513 1567 551 1606 ex
582 1565 689 1607 eorum
714 1546 893 1626 cognitione

57 1629 193 1692 studium
218 1635 363 1713 exiguum
391 1645 443 1692 aut
467 1630 588 1691 nullum
614 1651 720 1713 capere
736 1632 891 1712 possimus,

56 1735 127 1796 quae
143 1716 269 1795 proinde
293 1717 394 1786 labore
423 1716 521 1776 multo
546 1729 626 1777 emta
643 1717 776 1778 uolirnt'ts
790 1742 799 1789 3
825 1717 906 1777 sunt‘

56 1816 166 1861 contra
180 1800 320 1882 quaedam
336 1801 412 1862 tanti
427 1804 590 1876 momenti,
615 1816 648 1860 ut
664 1803 771 1883 quovis
794 1800 892 1862 studio

57 1901 92 1944 ea
107 1883 239 1945 redemta
265 1887 373 1948 metito
400 1888 591 1965 cupiamus„
617 1884 712 1947 Talia
740 1887 894 1968 suntquae

56 1967 210 2048 pertinent
222 1970 258 2030 ad
271 1972 363 2031 vitam
378 1969 494 2030 bene&
513 1973 598 2031 beate
612 1971 760 2049 agendam
778 1996 788 2044 3
812 1993 891 2050 quo·

56 2073 126 2115 rum
139 2054 349 2136 cognitionem
367 2054 492 2114 maximi
507 2074 613 2115 omnes
630 2055 760 2128 faciunt,
777 2053 806 2116 lit
823 2055 894 2114 dili-

58 2138 228 2217 gen'tiffime
243 2153 396 2220 quaerunt.
441 2138 488 2199 Ad
506 2139 585 2220 quod
603 2137 623 2200 st
639 2140 761 2200 accedat
777 2142 818 2200 ex'
830 2140 893 2209 vita

59 2224 136 2282 bene
148 2243 183 2282 ac
199 2224 285 2284 beate
302 2222 368 2284 adia
379 2223 506 2306 (semper
522 2224 663 2284 autemid
681 2223 762 2306 quod
777 2224 893 2285 bonum

56 2304 110 2378 eli,
125 2307 182 2367 lroc
192 2305 246 2382 est,
259 2306 388 2369 Veritassi
402 2306 652 2382 consentaneum,
664 2313 755 2370 etiam
768 2310 891 2371 beatum

57 2388 114 2450 esse
137 2390 348 2472 iudicandum)
369 2393 451 2468 sequi
473 2409 630 2467 aeternam,
649 2392 712 2474 post
728 2395 786 2454 hoc
801 2395 892 2456 breve
989 2398 995 2409 “

55 2495 170 2549 etum,
188 2475 382 2551 selicitatem3
406 2477 486 2558 quod
506 2473 670 2539 Christiani
687 2499 805 2552 omneS,
822 2480 890 2538 cui·

56 2580 190 2638 cumque
201 2559 299 2622 Sedlae
309 2560 367 2623 lint
380 2561 504 2637 addidii,
520 2561 545 2622 se
561 2564 678 2624 credere
689 2559 869 2642 profitentur
881 2585 890 2635 3

55 2645 282 2726 agnoscendum
311 2645 352 2707 est
377 2647 584 2727 coguitionem
603 2649 669 2721 viae,
692 2668 760 2729 quae
775 2646 809 2706 ad
826 2665 892 2723 eam

51 2730 213 2810 pervenire
229 2732 314 2806 licet,
338 2751 508 2812 numquam
525 2731 617 2792 nimis
635 2752 705 2794 cato
720 2734 793 2794 erni.

57 2895 134 2981 §IL
156 2897 245 2960 Nihil
255 2898 301 2983 effi
316 2897 428 2980 majoris
447 2895 583 2973 momenti,
610 2921 692 2981 qaam
716 2898 892 2985 Religionem,

56 3003 92 3044 ac
114 2984 222 3065 poinde
236 2984 261 3045 ei
276 2983 456 3068 cognoscendae
468 2982 622 3065 diligentem
638 3004 741 3064 operam
763 2984 892 3080 dandum·

100 3104 213 3168 Noets
232 3107 280 3169 hic
298 3128 344 3169 res
361 3129 423 3170 non
445 3107 485 3168 est
500 3127 571 3168 curn
588 3107 768 3188 spretoribua
792 3112 894 3170 omnis

56 3187 243 3274 Religionis,
267 3214 344 3274 quos
375 3194 442 3255 satie
467 3193 650 3270 confutavit,
684 3195 715 3254 in
743 3193 893 3274 superiore

81 3289 105 3364 ¹a
123 3314 217 3379 Maiore,
234 3312 292 3377 δια]
321 3316 382 3368 Vide
393 3317 464 3369 ritant
476 3316 623 3380 Pythagora,
639 3320 696 3382 apud
706 3319 816 3384 Diogenem
826 3316 895 3364 Lair·

56 3378 119 3444 tiqm.
136 3379 281 3432 Lim-tarn·
292 3395 331 3434 12.
780 3380 783 3385 '

447 3441 481 3506 Ν
503 3420 554 3527 4?
775 3441 893 3528 opere,
