2250 4132
141 266 203 328 ¹¹4
302 245 343 309 H.
367 242 566 308 Gnonrua
591 262 644 307 nr
668 243 819 309 Vasta.

140 367 332 453 Religionem
349 369 482 431 maxime
496 369 787 444 commendavimus,
804 367 874 431 satis
886 389 967 431 con·

140 452 211 515 liet:
246 472 411 535 eorumque
425 454 574 534 certitudo
590 457 647 515 hoc
663 454 725 534 ipso
739 454 965 534 emicat‚›quod

140 538 193 617 qui
208 536 284 598 odiis
305 537 384 599 inter
409 537 436 598 ie
461 537 634 598 inflammati
650 552 789 618 quaerunt
803 537 965 598 dissidendi

140 624 306 692 materiam,
323 641 361 683 eo
372 621 509 705 progredi
523 641 585 703 non
601 622 708 694 ausint,
725 636 758 683 ut
771 623 834 683 haec
850 637 965 702 negent

141 702 158 764 ὲ
173 701 294 766 Christo
308 708 462 787 imperata,
476 725 515 766 ne
529 705 570 765 illi
588 706 709 785 quidem
724 703 789 785 ipsi,
802 706 856 786 qui
870 707 963 765 vitam

141 787 223 850 suam
239 792 355 851 adeam
371 809 507 852 normam
521 787 631 851 nolunt
644 810 836 870 componere.
865 786 962 869 Qrod

141 870 161 934 st
178 874 245 953 quis
260 876 350 935 etiam
366 875 413 934 his
428 874 499 935 velit
510 873 724 948 contradicere,
741 893 792 953 pat
804 873 963 934 habendus

140 956 175 1018 stt
188 956 386 1039 Philosophis,
399 962 451 1038 qui
462 960 561 1019 nivem
571 955 668 1017 albam
683 973 843 1037 negarunt.
877 955 912 1018 N
915 978 962 1019 am

141 1055 178 1102 ut
191 1043 221 1103 hi
236 1042 318 1104 lenlu
334 1042 520 1111 refelluntur,
543 1045 584 1103 ita
599 1041 642 1102 illi
657 1040 801 1102 consensu
820 1041 963 1103 omnium

142 1126 278 1206 gentium
296 1122 546 1199 Christianarum,
569 1125 767 1199 &librorum
782 1146 858 1206 quos
870 1124 963 1205 scrip·

141 1209 243 1270 serunt
254 1206 432 1270 Christianae
445 1208 612 1293 Religionis
623 1208 723 1288 primi,
735 1230 768 1267 ac
778 1210 882 1290 primis
893 1229 964 1290 pro-

31 1357 37 1365 ,
141 1292 231 1366 ximi,
246 1291 276 1354 &
291 1294 431 1374 deinceps
447 1293 538 1356 secuti
553 1291 701 1366 dodores,
717 1293 805 1353 etiarn
823 1293 882 1369 illi,
911 1293 966 1372 qui

112 1428 115 1435 .
142 1374 224 1438 suam
241 1376 272 1436 in
288 1373 441 1439 Christum
453 1375 542 1439 fidem
555 1392 650 1439 morte
662 1375 758 1439 testati
774 1376 854 1439 sunt.
878 1373 964 1437 Nam

142 1461 224 1541 quod
240 1462 270 1521 hi
292 1482 396 1522 omnes
420 1480 453 1523 ut
478 1459 590 1523 Christi
605 1462 714 1543 dogma
729 1458 912 1541 agnoscunt,
936 1459 965 1520 id

143 1546 271 1606 omnino
295 1566 348 1625 pro
373 1547 424 1608 tali
451 1545 620 1606 habendum
641 1544 682 1606 est
707 1543 745 1605 ab
760 1565 850 1625 aequo
865 1564 966 1605 rerurn

138 1628 263 1712 judice:
286 1628 360 1691 sicut
375 1627 507 1704 Platoni,
531 1627 742 1708 Xenophonti,
769 1629 893 1709 aliisque
908 1628 966 1689 So·

142 1713 261 1785 creticis
272 1712 433 1795 credimus,
449 1714 484 1772 de
494 1713 684 1795 dogmatibus
699 1711 852 1784 Socratis3
879 1710 968 1774 Stoi·

51 1812 56 1821 ·
142 1812 250 1856 corum
265 1792 387 1870 scholae,
408 1795 444 1856 de
461 1797 507 1858 hia
522 1817 590 1880 quae
606 1794 690 1858 Zeno
705 1793 835 1860 tradidit.

143 1958 209 2047 §X
215 1958 298 2024 VIII.
319 1961 462 2025 Probatur
486 1936 602 2045 amplius
623 1939 685 2047 pra
707 1910 973 2061 antialChrisliarrae

154 2132 159 2139 .
226 2045 391 2132 Religionis,
412 2070 446 2111 ax
454 2049 618 2136 praestantia
632 2050 710 2128 ipius
723 2045 876 2134 Magistra.

148 2206 151 2210 ⁴
182 2172 338 2242 Tertium.
361 2194 424 2256 quo
437 2171 640 2237 Christianam
657 2173 849 2266 Religionem
864 2174 968 2236 omni·

144 2257 200 2321 hus
223 2258 302 2335 aliis,
347 2280 393 2319 uae
409 2260 486 2330 suut,
511 2273 564 2320 aut
587 2257 661 2339 fingi
676 2257 806 2337 polluot,
834 2257 971 2340 praestare

144 2341 290 2418 diximus,
305 2280 347 2402 el
362 2341 421 2422 ipse
436 2342 555 2417 modus,
577 2365 639 2425 quo
654 2340 759 2404 tradita
772 2343 830 2404 luit
845 2364 880 2402 ac
896 2362 970 2423 pro-

146 2427 253 2507 pagata
267 2451 275 2486 ι
311 2445 369 2506 qua
387 2426 417 2485 in
433 2439 527 2506 parte,
542 2429 638 2507 prima
649 2426 690 2488 est
702 2425 845 2505 inspectio
857 2427 895 2488 de
908 2426 971 2505 ipso

143 2507 295 2593 dogmatis
308 2508 439 2571 auclore.
483 2507 602 2588 Graecae
614 2512 763 2588 sapiennae
774 2511 908 2572 audiores
921 2511 972 2572 ni·

144 2593 188 2657 hil
205 2595 297 2656 ferme
314 2596 385 2654 certi
399 2593 426 2655 se
441 2594 555 2672 adferre
570 2594 622 2672 ipsa
638 2594 827 2657 fatebantur:
855 2597 969 2678 quippe

146 2680 158 2718 ³
172 2680 325 2775 veritatem
338 2679 419 2745 velut
429 2680 461 2741 in
473 2697 566 2759 puteo
576 2679 750 2754 demersam,
766 2678 795 2740 δι
810 2677 970 2823 ⁶meptem

838 2783 879 2823 no
907 2783 970 2826 ram

144 2939 223 2980 matur
234 2928 258 2978 in
267 2925 426 2992 antiquillimit
445 2928 539 2990 Symbn·
572 2927 677 2993 mersam]
693 2927 818 2977 Democriti
829 2931 869 2984 ott,
881 2927 903 2976 ἓν
915 2927 973 2988 eve&

146 2993 183 3051 lis,
194 2991 267 3054 qualia
276 2995 363 3053 eatstan}
373 2997 428 3052 aptrd
440 2995 540 3042 Irenaeum
573 2991 669 3049 lallare,
687 3007 837 3042 memoratum
850 2999 872 3060 ὃς
885 2993 937 3041 aliia
949 2998 972 3040 da
992 3045 997 3056 1

146 3060 168 3103 dc
189 3057 346 3115 Tertullianum,
382 3060 404 3104 ἄ
426 3060 490 3119 quale
510 3058 541 3103 est
572 3057 677 3104 Ciceroni
687 3056 709 3102 in
722 3056 871 3104 Academicis.
1006 3065 1008 3069 '

144 3117 289 3182 Apostolicum,
317 3132 342 3166 ut
361 3135 421 3168 nuuc
441 3128 540 3168 vocatur.
606 3121 728 3169 6Mertrm
744 3119 828 3182 nostram
850 3137 888 3166 non
907 3123 974 3169 minua

76 3222 79 3227 .
146 3186 210 3248 Qod
233 3184 298 3242 paulo
310 3184 395 3243 plenior
406 3184 541 3231 ostendimur
573 3184 665 3247 caligare
674 3182 704 3230 ad
713 3186 806 3239 Divina,
822 3198 886 3247 quam
897 3185 974 3232 occulos
1000 3212 1004 3221 ι

146 3245 172 3293 in
182 3246 269 3294 Libello
280 3246 339 3294 hisee
350 3247 457 3308 subjecto,
470 3248 494 3293 de
505 3248 541 3294 elr-
574 3253 653 3295 rrollaae
671 3245 701 3294 ad
708 3247 773 3292 lumen
784 3245 860 3306 Solia]
883 3247 973 3294 Atilio·

142 3310 212 3373 genda
229 3312 280 3356 into
296 3311 318 3356 di
334 3309 405 3356 alentes
421 3311 543 3374 Chrssianrt
572 3313 628 3359 telea
640 3309 847 3369 Memphyfieorum
858 3325 896 3358 Π.
910 3326 933 3357 c.
951 3324 973 3358 1.

143 3373 249 3440 sententia.
269 3370 305 3436 §1
333 3373 465 3422 .Clericua.
568 3372 660 3442 ’Ὦσπις
676 3372 718 3438 γᾶς
729 3372 745 3442 g
755 3370 786 3421 ‘rai
803 3371 845 3423 coir
862 3369 975 3436 maltgilarr

179 3437 321 3506 5Varitatem
331 3436 390 3485 uelut
407 3439 497 3506 inputet
505 3436 541 3487 de·
881 3433 977 3500 lfapala
