2250 4132
301 253 363 316 1²4
447 232 489 296 H.
512 213 715 298 Gnorrus
739 251 788 295 ne
812 231 969 297 Vuttrr.

296 387 356 447 cet,
370 371 532 453 legumque
545 370 740 451 &parentum
756 369 933 432 rusioritate
948 369 1110 435 confirmati

295 457 326 517 in
355 456 440 515 sacris
455 452 624 536 Pergameis,
645 473 697 516 aut
719 455 854 535 Judai'cis
870 458 989 518 ritibus.
1036 457 1109 518 Huic

294 539 450 600 obstaculo
465 541 623 600 accedebat
640 561 701 600 non
719 544 818 599 rninus
834 541 959 600 aiterum
974 565 983 614 3
1006 541 1109 626 gravis·

295 622 381 697 sima,
408 623 533 705 scilicet,
556 622 646 695 maia',
670 646 736 704 quae
751 622 1011 685 Christianismum
1030 625 1109 686 susci·

295 709 462 788 pientinus,
476 729 542 767 eam
559 710 597 768 ob
614 711 745 781 causam,
762 709 882 768 serenda
894 723 946 768 aut
958 710 1109 770 metuende

296 791 462 854 constabat.
508 789 590 851 Cum
607 794 686 852 enirn
704 795 721 852 ὲ
736 793 821 852 maiis
836 791 945 851 talibus
960 793 1108 854 abhorreat

297 878 432 937 humana
447 891 570 950 natura;
597 876 809 957 sequitursut.
825 897 894 955 quae
907 896 1011 937 eorum
1028 878 1107 938 malo·

296 981 363 1021 rum
382 960 475 1020 causae
490 959 569 1032 sunt,
588 982 647 1020 non
666 960 717 1021 nist
732 960 908 1021 difficillime
924 964 1105 1039 recipiantur.

296 1045 471 1106 Honoribus
485 1046 662 1104 arcebantur
678 1044 727 1103 diu
746 1041 920 1117 Christiani,
938 1046 1108 1107 accefl'erunt

297 1130 432 1200 mutuae,
456 1127 484 1188 δι
508 1129 655 1187 bonorum
681 1128 913 1205 publicationes,
944 1122 1106 1192 &eirsrliat

296 1213 342 1275 sed
360 1213 437 1272 levia
451 1215 535 1283 baec3
559 1214 779 1272 damnabantur
791 1214 825 1270 ad
843 1212 980 1274 metalla:
1003 1216 1038 1275 iis
1053 1215 1106 1275 affi-

296 1297 633 1365 ciebanturtormentis,
644 1297 753 1375 quibus
766 1297 932 1356 crudeliora
945 1297 1107 1378 nulirrrpe·

299 1382 349 1442 riri
368 1398 518 1463 poterant:
549 1382 689 1459 supplicia
705 1402 774 1440 vero
787 1383 821 1438 ad
838 1396 965 1441 mortem
983 1397 1044 1449 tam
1059 1384 1107 1443 sre-

298 1468 436 1547 quentia,
454 1482 486 1525 ut
507 1464 648 1525 testentur
663 1465 781 1533 iilorum
806 1480 980 1544 temporum
996 1467 1107 1547 scripto·

298 1572 358 1628 res,
376 1550 458 1612 nulia
469 1551 558 1622 fame,
574 1549 656 1609 trulla
671 1549 846 1628 pestilentia,
862 1549 949 1611 nulio
960 1551 1041 1611 beilo
1053 1552 1107 1631 plut

298 1634 459 1697 hominum
476 1656 537 1694 uno
551 1648 686 1711 tempore
701 1634 898 1709 absumptum.
933 1632 1003 1695 Nec
1014 1639 1108 1713 uulga-

298 1720 342 1779 ria
364 1732 448 1778 erant
471 1720 612 1777 mortium
637 1722 759 1796 genera,
783 1717 827 1776 sed
853 1731 866 1765 ⁹
889 1719 1107 1792 vivicomburia,

298 1823 415 1877 cruces,
430 1819 519 1882 atque
532 1803 559 1861 id
577 1817 672 1882 genus
688 1822 799 1880 poenae,
823 1822 891 1881 quae
913 1801 971 1862 sine
989 1806 1108 1864 maximo

297 1886 421 1947 horrore
436 1885 493 1969 legi
506 1901 556 1945 aut
568 1885 689 1964 cogitari
706 1906 766 1944 non
786 1884 921 1965 possunt:
946 1895 1037 1968 atque
1052 1890 1108 1948 bec

298 1970 421 2042 saevitia,
444 1990 512 2050 quae
528 1990 588 2030 non
607 1970 703 2048 iungis
725 1968 902 2048 interpositis
920 1969 1110 2049 spiramentis,

298 2055 328 2118 &
345 2055 389 2116 his
400 2052 464 2134 ipsis
477 2075 537 2115 non
552 2054 675 2135 ubique,
686 2053 720 2112 ad
734 2052 925 2114 Constantini
938 2057 1037 2116 ferme
1045 2070 1111 2117 tem·

268 2161 371 2221 :pora
386 2143 415 2200 in
430 2141 502 2201 orbe
515 2137 668 2212 Romano,
684 2136 753 2197 alibi
765 2138 883 2220 longius
896 2140 1032 2214 duravit,¹
1044 2142 1110 2201 adeo

296 2246 348 2284 eos
361 2245 422 2284 non
436 2223 601 2305 imminuit,
616 2238 760 2282 utcontra
774 2221 891 2303 sanguis
901 2243 1009 2283 eorum
1020 2225 1110 2287 senten

295 2306 353 2367 esse
376 2308 542 2367 dict-retur:
578 2308 618 2366 ita
642 2303 738 2367 recisrs
763 2308 859 2382 piures
883 2304 1111 2370 succrescebant.

296 2388 1113 2471 Comparemushicquoqtte'cumChristianismoReii·

294 2479 399 2556 giones
415 2475 496 2535 alian.
520 2472 639 2548 Graeci,
662 2471 837 2555 Paganique
852 2476 953 2536 caeteri
970 2475 1049 2539 soliti
1068 2476 1112 2538 sur

295 2559 328 2621 in
345 2561 439 2643 majus
451 2559 596 2634 attollere,
614 2579 723 2637 paucos
736 2573 909 2632 numerant,
925 2561 979 2640 qui
990 2560 1112 2644 dogma·

294 2645 333 2705 tis
358 2644 445 2715 eausa
469 2662 595 2703 mortem
619 2642 823 2712 toleraverint,
847 2642 1114 2725 Gymnosophistar

272 2729 425 2808 ¹aliquos,
442 2728 605 2798 Socratem,
632 2728 710 2786 haud
736 2727 832 2786 multo
857 2727 975 2804 piures:
1004 2731 1051 2789 sed
1067 2730 1115 2791 hit

252 2866 256 2873 .
294 2813 364 2875 viris
377 2814 532 2874 norissrmis
544 2813 616 2891 quin
631 2811 731 2890 aliqua
741 2810 829 2882 inesse
840 2814 969 2888 potuerit
981 2814 1072 2875 samae
1083 2813 1116 2873 ad

292 2897 494 2976 posteritatem
515 2895 751 2958 transmitteudae
771 2895 937 2975 cupiditas,
960 2901 1015 2959 vix
1030 2900 1117 2961 estut

323 3111 338 3156 9
355 3094 522 3151 Vivjcombtria,
540 3113 615 3151 cruces,
627 3110 689 3157 atque
721 3095 792 3155 poenis
800 3095 859 3144 affici
869 3098 975 3143 deberent
983 3096 1118 3146 christinus.

253 3196 256 3201 -
291 3161 387 3222 idgenur
402 3156 495 3222 patrm]
514 3161 629 3206 Domitius
645 3163 676 3206 ut
722 3160 852 3207 rattrnnnr
862 3161 970 3208 meminit
979 3162 1072 3211 librorr
1082 3178 1119 3210 ce·

291 3226 372 3287 pianus
383 3225 465 3270 nobilia
477 3226 525 3286 juri
531 3222 650 3270 [consultui
659 3223 700 3275 ii·‚
721 3224 767 3284 pite
777 3238 818 3279 μ.

292 3291 343 3339 brot
366 3288 451 3350 septem
480 3285 573 3348 scripfir,
600 3289 689 3350 Qibur

942 3406 946 3411 '
982 3410 1118 3485 negetur.
