2250 4132
174 216 218 285 20
319 197 362 262 Il.
384 197 589 262 Gnorrns
614 211 667 257 nr
691 192 843 259 Vtere.

172 326 282 391 eentiae
294 324 447 405 examina,
470 342 600 405 quorum
616 333 661 382 tot
676 317 931 390 Germanicarum
945 336 995 401 nas

173 413 294 476 tlonum
310 406 451 485 historiae,
473 406 602 489 Ipsaeque
612 406 694 489 leges
709 404 925 465 meminerunt.

171 576 195 665 ᾗ
210 573 329 639 XVIII.
343 573 467 637 Solvitur
481 571 601 656 objectio,
624 572 696 656 quod
711 569 845 633 miracula
864 592 937 635 nunc
949 592 996 633 nnr

485 656 691 742 conspiciantur.

219 780 356 860 Neocli,
378 783 458 866 quod
474 782 631 864 quisquam
658 778 794 863 objitiat,
814 776 888 840 talia
907 778 995 839 mira.

175 867 247 942 cula
264 871 321 930 boc
336 885 470 949 tempore
486 887 546 929 non
562 865 706 944 conspici,
728 883 783 924 nec
806 862 905 923 audiri
926 862 995 947 taler

103 964 106 969 '
175 951 393 1034 praediliiones.
434 951 510 1012 Satis
525 950 607 1011 enim
623 946 714 1009 estad
731 947 940 1026 probationem
955 947 997 1008 di·

176 1037 255 1099 vinae
266 1036 473 1115 providentiae,
492 1033 606 1096 saelum
622 1033 651 1094 id
664 1031 718 1093 else
731 1030 917 1113 aliquando,
939 1050 996 1112 qut

175 1119 265 1183 semel
280 1118 454 1196 constituta,
474 1119 661 1200 consequent
675 1114 730 1194 est,
753 1130 787 1177 ut
801 1131 864 1187 tam
878 1114 996 1195 provide

169 1218 212 1265 'ac
228 1201 372 1282 sapienter
387 1224 469 1273 nunc
480 1203 618 1265 credatur
633 1199 719 1263 Deus
732 1196 880 1261 abstinere
901 1197 918 1259 ai
933 1197 996 1269 tati,-

177 1288 246 1361 but,
267 1306 360 1367 quam
383 1287 457 1350 olim
472 1308 507 1348 ea
531 1285 722 1366 usurpaverit.
744 1283 858 1364 Neque
868 1288 944 1344 'vero
956 1305 997 1345 π·
1024 1314 1027 1321 ·

173 1386 270 1453 quum
288 1371 355 1447 luit,
378 1371 459 1455 leges
474 1372 609 1435 universo
622 1369 717 1443 datas,
739 1369 777 1431 de
796 1388 898 1431 rerum
913 1367 997 1430 cursu

173 1455 348 1519 naturali&
364 1457 534 1519 futurorum
557 1453 784 1527 incertitudine,
806 1467 919 1514 temere
944 1464 996 1514 aut

176 1540 292 1619 semper
305 1541 432 1602 excedi:
456 1540 500 1600 sed
518 1555 583 1602 tum
598 1539 734 1613 demum,
755 1557 828 1599 cum
843 1537 938 1620 digna
952 1537 997 1598 in·

176 1621 290 1687 cidillet
301 1624 402 1687 causa:
420 1638 452 1685 ut
464 1645 526 1705 quo
538 1640 671 1705 tempore
683 1621 742 1683 reri
751 1619 811 1684 Dei
823 1617 925 1683 culruo
935 1635 999 1682 toto

175 1727 267 1789 prope
283 1707 355 1770 orbe
369 1705 481 1790 ejeebus
497 1708 528 1770 in
544 1729 607 1769 uno
622 1706 728 1769 mundi
751 1706 876 1789 angulo,
901 1705 930 1766 id
945 1705 997 1781 etl,

176 1792 208 1852 in
224 1789 333 1870 Judaea
347 1790 501 1869 residebat,
524 1790 703 1854 &adversus
716 1788 930 1875 circumfusam
943 1788 998 1850 im·

174 1874 316 1954 pietatem
331 1875 416 1936 novis
426 1875 479 1937 sub
495 1875 563 1937 Inde
574 1873 712 1954 praesrdiir
723 1872 908 1936 muniendus
919 1885 999 1946 erat3

175 1972 228 2019 aut
242 1978 313 2020 cum
329 1957 497 2021 Christiana
513 1957 649 2043 Religio,
669 1960 706 2019 de
728 1979 788 2041 qua
811 1957 999 2038 peculiariter

175 2062 248 2104 mox
263 2062 398 2127 agemus,
421 2065 459 2104 ex
475 2042 535 2106 Dei
548 2044 680 2119 decreto,
704 2063 755 2124 per
768 2056 866 2106 totum
879 2039 998 2105 Orbem

175 2128 307 2209 primum
324 2130 416 2211 spargi
431 2127 545 2190 debuit.

261 2293 281 2376 §
294 2291 388 2356 XIX.
404 2293 446 2356 Et
458 2300 529 2375 quod
537 2276 617 2358 lanto
621 2294 663 2378 stt
662 2293 794 2378 scelerum
802 2293 923 2358 licentia.

219 2413 324 2479 Solent
344 2418 496 2494 nonnulli,
519 2433 554 2481 ut
569 2420 605 2482 de
624 2420 727 2482 dirina
741 2420 929 2501 providentia
944 2420 999 2484 du·

175 2501 287 2574 birent,
311 2503 422 2563 moveri
433 2503 595 2583 conspellu
607 2505 761 2582 scelerum,
773 2526 904 2586 quorum
918 2506 1001 2569 velut

174 2586 289 2648 diluvio
299 2588 432 2668 quodam
445 2587 495 2649 hic
506 2586 598 2650 Orbis
610 2588 762 2651 obruitur:
778 2610 848 2669 quae
862 2593 1000 2661 coercere

175 2686 266 2749 atque
286 2672 444 2751 reprimere
470 2673 655 2752 praecipuum
675 2673 866 2737 contendunt
890 2674 1001 2736 dluinae

176 2754 385 2834 providentiae,
405 2753 427 2816 sr
452 2777 512 2836 qua
537 2753 619 2830 esset,
641 2776 717 2836 opus
741 2757 879 2839 futurum
903 2756 1000 2829 fuisse.

175 2837 231 2898 Sed
261 2836 354 2900 facilit
380 2836 421 2899 est
448 2837 617 2921 responsio:
639 2860 712 2902 cum
741 2842 896 2902 homInem
912 2838 1001 2905 Deua

174 2919 348 2985 condidisset
363 2920 491 2983 liberum
516 2923 553 2985 ad
582 2924 658 2985 bene
680 2923 818 3006 maleque
833 2926 1002 3006 agendum,

174 3004 227 3067 fibi
248 3007 388 3067 reservata
405 3007 540 3069 bonitate
565 3007 653 3088 plane
668 3007 825 3070 necessaria
838 3024 929 3089 atque
943 3011 1002 3071 im-

175 3092 326 3166 mutabili,
349 3099 497 3174 ⁹aequum
507 3090 585 3154 haud
600 3090 694 3164 luisse,
718 3107 753 3156 ut
766 3094 854 3157 malis
868 3092 1001 3156 astioni·

151 3202 153 3209 ¹
308 3212 316 3218 -
945 3180 1002 3242 bus

205 3358 221 3405 9
232 3340 328 3407 ffquum
338 3341 466 3408 handfulffe
476 3353 499 3392 ut
510 3343 570 3392 malit
600 3345 620 3391 er'
631 3343 725 3394 libertati
741 3343 889 3408 contrarium]
905 3344 1002 3394 Tertul-

174 3402 288 3453 altionilur
303 3406 466 3468 inpedimentum
485 3417 569 3471 poneret
600 3407 674 3458 liunus
693 3408 794 3459 adversus
806 3411 1002 3521 Mucim‘llri‘
